<?xml version="1.0" encoding="UTF-8"?>
<!DOCTYPE html PUBLIC "-//W3C//DTD XHTML 1.0 Transitional//EN"
    "http://www.w3.org/TR/xhtml1/DTD/xhtml1-transitional.dtd">
<html xmlns="http://www.w3.org/1999/xhtml" xml:lang="en" lang="en">
 <head>
  <title>
</title>
<meta http-equiv="Content-Type" content="text/html;charset=utf-8" />
  <meta name='ocr-system' content='tesseract 3.04.00' />
  <meta name='ocr-capabilities' content='ocr_page ocr_carea ocr_par ocr_line ocrx_word'/>
</head>
<body>
  <div class='ocr_page' id='page_1' title='image "./monumentagermani412geseuoft/monumentagermani412geseuoft_0126.png"; bbox 0 0 2274 3184; ppageno 0'>
   <div class='ocr_carea' id='block_1_1' title="bbox 353 472 423 522">
    <p class='ocr_par' dir='ltr' id='par_1_1' title="bbox 353 472 423 522">
     <span class='ocr_line' id='line_1_1' title="bbox 353 472 423 493; baseline 0.014 -1"><span class='ocrx_word' id='word_1_1' title='bbox 353 472 370 492; x_wconf 75' lang='lat' dir='ltr'>f.</span> <span class='ocrx_word' id='word_1_2' title='bbox 388 474 423 493; x_wconf 74' lang='lat'>11.</span> 
     </span>
     <span class='ocr_line' id='line_1_2' title="bbox 357 503 422 522; baseline 0 0"><span class='ocrx_word' id='word_1_3' title='bbox 357 503 422 522; x_wconf 74' lang='lat'>1421.</span> 
     </span>
    </p>
   </div>
   <div class='ocr_carea' id='block_1_2' title="bbox 341 569 424 618">
    <p class='ocr_par' dir='ltr' id='par_1_2' title="bbox 341 569 424 618">
     <span class='ocr_line' id='line_1_3' title="bbox 341 569 424 588; baseline 0 0"><span class='ocrx_word' id='word_1_4' title='bbox 341 569 357 588; x_wconf 75' lang='lat' dir='ltr'>f.</span> <span class='ocrx_word' id='word_1_5' title='bbox 366 569 424 588; x_wconf 75' lang='lat'><strong>80⁷¹.</strong></span> 
     </span>
     <span class='ocr_line' id='line_1_4' title="bbox 357 599 423 618; baseline 0 0"><span class='ocrx_word' id='word_1_6' title='bbox 357 599 423 618; x_wconf 75' lang='lat'>1481.</span> 
     </span>
    </p>
   </div>
   <div class='ocr_carea' id='block_1_3' title="bbox 357 781 421 830">
    <p class='ocr_par' dir='ltr' id='par_1_3' title="bbox 357 781 421 830">
     <span class='ocr_line' id='line_1_5' title="bbox 360 781 420 800; baseline 0 0"><span class='ocrx_word' id='word_1_7' title='bbox 360 781 376 800; x_wconf 74' lang='lat' dir='ltr'>f.</span> <span class='ocrx_word' id='word_1_8' title='bbox 387 782 420 800; x_wconf 80' lang='grc' dir='ltr'>ΙΙ.</span> 
     </span>
     <span class='ocr_line' id='line_1_6' title="bbox 357 811 421 830; baseline 0 0"><span class='ocrx_word' id='word_1_9' title='bbox 357 811 421 830; x_wconf 72' lang='lat'>1422.</span> 
     </span>
    </p>
   </div>
   <div class='ocr_carea' id='block_1_4' title="bbox 317 877 422 901">
    <p class='ocr_par' dir='ltr' id='par_1_4' title="bbox 317 877 422 901">
     <span class='ocr_line' id='line_1_7' title="bbox 317 877 422 901; baseline 0.01 -5"><span class='ocrx_word' id='word_1_10' title='bbox 317 882 369 901; x_wconf 70' lang='lat' dir='ltr'>aug.</span> <span class='ocrx_word' id='word_1_11' title='bbox 389 877 422 898; x_wconf 83' lang='lat'>10.</span> 
     </span>
    </p>
   </div>
   <div class='ocr_carea' id='block_1_5' title="bbox 324 1035 421 1060">
    <p class='ocr_par' dir='ltr' id='par_1_5' title="bbox 324 1035 421 1060">
     <span class='ocr_line' id='line_1_8' title="bbox 324 1035 421 1060; baseline 0.01 -6"><span class='ocrx_word' id='word_1_12' title='bbox 324 1035 369 1060; x_wconf 80' lang='lat' dir='ltr'>jun</span> <span class='ocrx_word' id='word_1_13' title='bbox 387 1036 421 1055; x_wconf 85' lang='lat'>15.</span> 
     </span>
    </p>
   </div>
   <div class='ocr_carea' id='block_1_6' title="bbox 339 1085 423 1137">
    <p class='ocr_par' dir='ltr' id='par_1_6' title="bbox 339 1085 423 1137">
     <span class='ocr_line' id='line_1_9' title="bbox 339 1085 422 1107; baseline 0 0"><span class='ocrx_word' id='word_1_14' title='bbox 339 1085 368 1107; x_wconf 65' lang='grc'>’1.</span> <span class='ocrx_word' id='word_1_15' title='bbox 379 1088 422 1107; x_wconf 82' lang='grc'><strong>11’.</strong></span> 
     </span>
     <span class='ocr_line' id='line_1_10' title="bbox 358 1117 423 1137; baseline 0.015 -1"><span class='ocrx_word' id='word_1_16' title='bbox 358 1117 423 1137; x_wconf 73' lang='lat'>142⁶.</span> 
     </span>
    </p>
   </div>
   <div class='ocr_carea' id='block_1_7' title="bbox 446 206 1739 240">
    <p class='ocr_par' dir='ltr' id='par_1_7' title="bbox 446 206 1739 240">
     <span class='ocr_line' id='line_1_11' title="bbox 446 206 1739 240; baseline -0.005 0"><span class='ocrx_word' id='word_1_17' title='bbox 446 208 506 240; x_wconf 82' lang='grc'>114</span> <span class='ocrx_word' id='word_1_18' title='bbox 787 210 854 237; x_wconf 85' lang='lat' dir='ltr'>DIE</span> <span class='ocrx_word' id='word_1_19' title='bbox 877 209 1108 237; x_wconf 80' lang='lat' dir='ltr'>LIMBURGER</span> <span class='ocrx_word' id='word_1_20' title='bbox 1131 208 1320 236; x_wconf 81' lang='lat' dir='ltr'>CHRONIK.</span> <span class='ocrx_word' id='word_1_21' title='bbox 1365 207 1540 235; x_wconf 83' lang='lat' dir='ltr'>DRITTER</span> <span class='ocrx_word' id='word_1_22' title='bbox 1562 206 1739 235; x_wconf 78' lang='lat' dir='ltr'>ANHANG.</span> 
     </span>
    </p>
   </div>
   <div class='ocr_carea' id='block_1_8' title="bbox 442 294 2115 648">
    <p class='ocr_par' dir='ltr' id='par_1_8' title="bbox 442 294 2115 648">
     <span class='ocr_line' id='line_1_12' title="bbox 443 294 2083 343; baseline -0.002 -11"><span class='ocrx_word' id='word_1_23' title='bbox 443 305 591 333; x_wconf 75' lang='lat' dir='ltr'>monete·</span> <span class='ocrx_word' id='word_1_24' title='bbox 606 299 860 343; x_wconf 79' lang='lat' dir='ltr'>Limpurgensis,</span> <span class='ocrx_word' id='word_1_25' title='bbox 882 304 914 331; x_wconf 87' lang='lat' dir='ltr'>et</span> <span class='ocrx_word' id='word_1_26' title='bbox 935 297 1093 330; x_wconf 85' lang='lat' dir='ltr'>maldrum</span> <span class='ocrx_word' id='word_1_27' title='bbox 1109 298 1202 330; x_wconf 88' lang='lat' dir='ltr'>tritici</span> <span class='ocrx_word' id='word_1_28' title='bbox 1220 297 1275 328; x_wconf 87' lang='lat' dir='ltr'>vix</span> <span class='ocrx_word' id='word_1_29' title='bbox 1298 297 1452 328; x_wconf 86' lang='lat' dir='ltr'>florenum</span> <span class='ocrx_word' id='word_1_30' title='bbox 1463 296 1487 336; x_wconf 83' lang='lat'>¹’,</span> <span class='ocrx_word' id='word_1_31' title='bbox 1511 300 1542 328; x_wconf 88' lang='lat' dir='ltr'>et</span> <span class='ocrx_word' id='word_1_32' title='bbox 1561 294 1718 327; x_wconf 82' lang='lat' dir='ltr'>maldrum</span> <span class='ocrx_word' id='word_1_33' title='bbox 1742 306 1843 327; x_wconf 87' lang='lat' dir='ltr'>avene</span> <span class='ocrx_word' id='word_1_34' title='bbox 1865 306 1924 327; x_wconf 88' lang='lat' dir='ltr'>sex</span> <span class='ocrx_word' id='word_1_35' title='bbox 1944 306 2083 338; x_wconf 81' lang='lat' dir='ltr'>grossos.</span> 
     </span>
     <span class='ocr_line' id='line_1_13' title="bbox 442 347 2083 393; baseline -0.004 -9"><span class='ocrx_word' id='word_1_36' title='bbox 442 352 486 384; x_wconf 89' lang='lat' dir='ltr'>Et</span> <span class='ocrx_word' id='word_1_37' title='bbox 507 353 569 384; x_wconf 81' lang='lat' dir='ltr'>ista</span> <span class='ocrx_word' id='word_1_38' title='bbox 589 351 738 384; x_wconf 84' lang='lat' dir='ltr'><strong>vendicio</strong></span> <span class='ocrx_word' id='word_1_39' title='bbox 761 350 889 393; x_wconf 90' lang='lat' dir='ltr'>frugum</span> <span class='ocrx_word' id='word_1_40' title='bbox 913 350 1051 382; x_wconf 84' lang='lat' dir='ltr'>durabat</span> <span class='ocrx_word' id='word_1_41' title='bbox 1071 361 1091 381; x_wconf 82' lang='lat' dir='ltr'><strong>a</strong></span> <span class='ocrx_word' id='word_1_42' title='bbox 1113 360 1196 381; x_wconf 88' lang='lat' dir='ltr'>anno</span> <span class='ocrx_word' id='word_1_43' title='bbox 1219 349 1373 380; x_wconf 88' lang='lat' dir='ltr'>vicesimo</span> <span class='ocrx_word' id='word_1_44' title='bbox 1396 359 1500 390; x_wconf 88' lang='lat' dir='ltr'>usque</span> <span class='ocrx_word' id='word_1_45' title='bbox 1522 347 1562 379; x_wconf 84' lang='lat' dir='ltr'>ad</span> <span class='ocrx_word' id='word_1_46' title='bbox 1586 357 1707 378; x_wconf 83' lang='lat' dir='ltr'>annum</span> <span class='ocrx_word' id='word_1_47' title='bbox 1730 347 1916 379; x_wconf 87' lang='lat' dir='ltr'>vicesimum</span> <span class='ocrx_word' id='word_1_48' title='bbox 1943 347 2083 390; x_wconf 88' lang='lat' dir='ltr'>primum</span> 
     </span>
     <span class='ocr_line' id='line_1_14' title="bbox 442 398 1591 443; baseline -0.004 -8"><span class='ocrx_word' id='word_1_49' title='bbox 442 404 616 436; x_wconf 83' lang='lat' dir='ltr'>nativitatis</span> <span class='ocrx_word' id='word_1_50' title='bbox 639 402 754 443; x_wconf 82' lang='lat' dir='ltr'>Cristi3</span> <span class='ocrx_word' id='word_1_51' title='bbox 778 406 898 434; x_wconf 83' lang='lat' dir='ltr'>extunc</span> <span class='ocrx_word' id='word_1_52' title='bbox 920 401 1077 433; x_wconf 84' lang='lat' dir='ltr'>maldrum</span> <span class='ocrx_word' id='word_1_53' title='bbox 1101 400 1236 443; x_wconf 81' lang='lat' dir='ltr'>siliginis</span> <span class='ocrx_word' id='word_1_54' title='bbox 1258 399 1404 432; x_wconf 77' lang='lat' dir='ltr'><strong>solvebat</strong></span> <span class='ocrx_word' id='word_1_55' title='bbox 1425 398 1591 431; x_wconf 83' lang='lat' dir='ltr'>florenum.</span> 
     </span>
     <span class='ocr_line' id='line_1_15' title="bbox 548 449 2084 495; baseline -0.003 -9"><span class='ocrx_word' id='word_1_56' title='bbox 548 455 599 487; x_wconf 86' lang='lat'>33.</span> <span class='ocrx_word' id='word_1_57' title='bbox 636 454 731 485; x_wconf 89' lang='lat' dir='ltr'>Anno</span> <span class='ocrx_word' id='word_1_58' title='bbox 754 453 886 485; x_wconf 88' lang='lat' dir='ltr'>Domini</span> <span class='ocrx_word' id='word_1_59' title='bbox 916 452 1085 484; x_wconf 86' lang='lat' dir='ltr'>millesimo</span> <span class='ocrx_word' id='word_1_60' title='bbox 1115 452 1431 495; x_wconf 78' lang='lat' dir='ltr'>quadringentesimo</span> <span class='ocrx_word' id='word_1_61' title='bbox 1460 450 1613 483; x_wconf 89' lang='lat' dir='ltr'>vicesimo</span> <span class='ocrx_word' id='word_1_62' title='bbox 1642 450 1746 492; x_wconf 88' lang='lat' dir='ltr'>primo</span> <span class='ocrx_word' id='word_1_63' title='bbox 1775 449 1837 482; x_wconf 85' lang='lat' dir='ltr'>fuit</span> <span class='ocrx_word' id='word_1_64' title='bbox 1863 450 1896 481; x_wconf 89' lang='lat' dir='ltr'>in</span> <span class='ocrx_word' id='word_1_65' title='bbox 1926 449 2084 493; x_wconf 85' lang='lat' dir='ltr'>Limpurg</span> 
     </span>
     <span class='ocr_line' id='line_1_16' title="bbox 444 503 2115 549; baseline -0.004 -11"><span class='ocrx_word' id='word_1_66' title='bbox 444 506 618 549; x_wconf 86' lang='lat' dir='ltr'>capitulum</span> <span class='ocrx_word' id='word_1_67' title='bbox 641 504 808 548; x_wconf 77' lang='lat' dir='ltr'>generalec</span> <span class='ocrx_word' id='word_1_68' title='bbox 831 504 950 536; x_wconf 82' lang='lat' dir='ltr'>ordinis</span> <span class='ocrx_word' id='word_1_69' title='bbox 972 503 1106 535; x_wconf 78' lang='lat' dir='ltr'><strong>fratrum</strong></span> <span class='ocrx_word' id='word_1_70' title='bbox 1129 503 1300 535; x_wconf 88' lang='lat' dir='ltr'>Minorum.</span> <span class='ocrx_word' id='word_1_71' title='bbox 2102 511 2115 531; x_wconf 73' lang='grc' dir='ltr'>ε</span> 
     </span>
     <span class='ocr_line' id='line_1_17' title="bbox 548 551 2085 597; baseline -0.003 -8"><span class='ocrx_word' id='word_1_72' title='bbox 548 557 598 589; x_wconf 84' lang='grc'>34.</span> <span class='ocrx_word' id='word_1_73' title='bbox 635 556 730 588; x_wconf 90' lang='lat' dir='ltr'>Anno</span> <span class='ocrx_word' id='word_1_74' title='bbox 753 556 885 587; x_wconf 90' lang='lat' dir='ltr'>Domini</span> <span class='ocrx_word' id='word_1_75' title='bbox 907 554 1076 586; x_wconf 89' lang='lat' dir='ltr'>millesimo</span> <span class='ocrx_word' id='word_1_76' title='bbox 1099 555 1413 597; x_wconf 88' lang='lat' dir='ltr'>quadringentesimo</span> <span class='ocrx_word' id='word_1_77' title='bbox 1440 554 1490 586; x_wconf 79' lang='lat'>21.</span> <span class='ocrx_word' id='word_1_78' title='bbox 1514 553 1675 595; x_wconf 79' lang='lat' dir='ltr'>principes</span> <span class='ocrx_word' id='word_1_79' title='bbox 1697 551 1895 584; x_wconf 86' lang='lat' dir='ltr'>Theutonice</span> <span class='ocrx_word' id='word_1_80' title='bbox 1919 552 2085 585; x_wconf 86' lang='lat' dir='ltr'>transtule-</span> 
     </span>
     <span class='ocr_line' id='line_1_18' title="bbox 444 603 2086 648; baseline -0.002 -8"><span class='ocrx_word' id='word_1_81' title='bbox 444 614 517 641; x_wconf 86' lang='lat' dir='ltr'>runt</span> <span class='ocrx_word' id='word_1_82' title='bbox 539 620 572 641; x_wconf 92' lang='lat' dir='ltr'>se</span> <span class='ocrx_word' id='word_1_83' title='bbox 594 608 735 639; x_wconf 87' lang='lat' dir='ltr'>maximo</span> <span class='ocrx_word' id='word_1_84' title='bbox 758 618 831 638; x_wconf 90' lang='lat' dir='ltr'>cum</span> <span class='ocrx_word' id='word_1_85' title='bbox 854 607 999 638; x_wconf 84' lang='lat' dir='ltr'>exercitu</span> <span class='ocrx_word' id='word_1_86' title='bbox 1022 611 1132 638; x_wconf 86' lang='lat' dir='ltr'>contra</span> <span class='ocrx_word' id='word_1_87' title='bbox 1154 606 1311 638; x_wconf 85' lang='lat' dir='ltr'>hereticos</span> <span class='ocrx_word' id='word_1_88' title='bbox 1333 605 1473 648; x_wconf 86' lang='lat' dir='ltr'>regionis</span> <span class='ocrx_word' id='word_1_89' title='bbox 1495 604 1666 644; x_wconf 87' lang='lat' dir='ltr'>Bohemie‚</span> <span class='ocrx_word' id='word_1_90' title='bbox 1689 604 1743 646; x_wconf 87' lang='lat' dir='ltr'>qui</span> <span class='ocrx_word' id='word_1_91' title='bbox 1773 603 2086 646; x_wconf 79' lang='lat' dir='ltr'>cognominabantur</span> 
     </span>
    </p>
   </div>
   <div class='ocr_carea' id='block_1_9' title="bbox 416 653 2084 700">
    <p class='ocr_par' dir='ltr' id='par_1_9' title="bbox 416 653 2084 700">
     <span class='ocr_line' id='line_1_19' title="bbox 416 653 2084 700; baseline -0.003 -8"><span class='ocrx_word' id='word_1_92' title='bbox 416 689 421 694; x_wconf 90' lang='grc'><em>,</em></span> <span class='ocrx_word' id='word_1_93' title='bbox 443 660 619 700; x_wconf 89' lang='lat' dir='ltr'>Hussones,</span> <span class='ocrx_word' id='word_1_94' title='bbox 641 659 727 690; x_wconf 89' lang='lat' dir='ltr'>circa</span> <span class='ocrx_word' id='word_1_95' title='bbox 749 659 863 690; x_wconf 84' lang='lat' dir='ltr'>festum</span> <span class='ocrx_word' id='word_1_96' title='bbox 879 658 1060 698; x_wconf 84' lang='lat' dir='ltr'>Laurencii,</span> <span class='ocrx_word' id='word_1_97' title='bbox 1084 662 1116 690; x_wconf 88' lang='lat' dir='ltr'>et</span> <span class='ocrx_word' id='word_1_98' title='bbox 1129 658 1273 689; x_wconf 85' lang='lat' dir='ltr'>fecerunt</span> <span class='ocrx_word' id='word_1_99' title='bbox 1293 657 1339 689; x_wconf 89' lang='lat' dir='ltr'>ibi</span> <span class='ocrx_word' id='word_1_100' title='bbox 1361 667 1483 688; x_wconf 82' lang='lat' dir='ltr'>moram</span> <span class='ocrx_word' id='word_1_101' title='bbox 1503 656 1543 687; x_wconf 85' lang='lat' dir='ltr'>ad</span> <span class='ocrx_word' id='word_1_102' title='bbox 1560 661 1681 698; x_wconf 85' lang='lat' dir='ltr'>septem</span> <span class='ocrx_word' id='word_1_103' title='bbox 1698 654 1748 687; x_wconf 88' lang='lat' dir='ltr'>vel</span> <span class='ocrx_word' id='word_1_104' title='bbox 1771 660 1844 686; x_wconf 91' lang='lat' dir='ltr'>octo</span> <span class='ocrx_word' id='word_1_105' title='bbox 1866 653 2084 687; x_wconf 61' lang='lat' dir='ltr'>ebdomadas*</span> 
     </span>
    </p>
   </div>
   <div class='ocr_carea' id='block_1_10' title="bbox 441 709 2131 856">
    <p class='ocr_par' dir='ltr' id='par_1_10' title="bbox 441 709 2131 856">
     <span class='ocr_line' id='line_1_20' title="bbox 442 709 1931 753; baseline -0.003 -10"><span class='ocrx_word' id='word_1_106' title='bbox 442 712 474 743; x_wconf 93' lang='lat' dir='ltr'>in</span> <span class='ocrx_word' id='word_1_107' title='bbox 496 712 626 753; x_wconf 85' lang='lat' dir='ltr'>regione</span> <span class='ocrx_word' id='word_1_108' title='bbox 648 709 711 742; x_wconf 84' lang='lat' dir='ltr'>illa.</span> <span class='ocrx_word' id='word_1_109' title='bbox 1927 743 1931 748; x_wconf 31' lang='lat'>=</span> 
     </span>
     <span class='ocr_line' id='line_1_21' title="bbox 547 757 2131 802; baseline -0.002 -9"><span class='ocrx_word' id='word_1_110' title='bbox 547 762 596 794; x_wconf 81' lang='lat'>35.</span> <span class='ocrx_word' id='word_1_111' title='bbox 634 760 727 793; x_wconf 89' lang='lat' dir='ltr'>Anno</span> <span class='ocrx_word' id='word_1_112' title='bbox 750 761 884 793; x_wconf 90' lang='lat' dir='ltr'>Domini</span> <span class='ocrx_word' id='word_1_113' title='bbox 908 759 1075 792; x_wconf 90' lang='lat' dir='ltr'>millesimo</span> <span class='ocrx_word' id='word_1_114' title='bbox 1099 759 1414 802; x_wconf 87' lang='lat' dir='ltr'>quadringentesimo</span> <span class='ocrx_word' id='word_1_115' title='bbox 1436 759 1589 791; x_wconf 89' lang='lat' dir='ltr'>vicesimo</span> <span class='ocrx_word' id='word_1_116' title='bbox 1609 757 1750 790; x_wconf 88' lang='lat' dir='ltr'>secundo</span> <span class='ocrx_word' id='word_1_117' title='bbox 1772 757 1933 790; x_wconf 80' lang='lat' dir='ltr'>transtulit</span> <span class='ocrx_word' id='word_1_118' title='bbox 1955 768 1989 789; x_wconf 89' lang='lat' dir='ltr'>se</span> <span class='ocrx_word' id='word_1_119' title='bbox 2005 757 2083 790; x_wconf 82' lang='lat' dir='ltr'>Otto</span> <span class='ocrx_word' id='word_1_120' title='bbox 2103 771 2131 791; x_wconf 76' lang='grc' dir='ltr'>ιο</span> 
     </span>
     <span class='ocr_line' id='line_1_22' title="bbox 441 809 2081 856; baseline -0.002 -11"><span class='ocrx_word' id='word_1_121' title='bbox 441 813 703 856; x_wconf 77' lang='lat' dir='ltr'>archiepiscopus</span> <span class='ocrx_word' id='word_1_122' title='bbox 726 812 933 845; x_wconf 87' lang='lat' dir='ltr'>Treverensis</span> <span class='ocrx_word' id='word_1_123' title='bbox 957 816 1068 843; x_wconf 88' lang='lat' dir='ltr'>contra</span> <span class='ocrx_word' id='word_1_124' title='bbox 1089 810 1247 843; x_wconf 88' lang='lat' dir='ltr'>hereticos</span> <span class='ocrx_word' id='word_1_125' title='bbox 1263 810 1418 842; x_wconf 87' lang='lat' dir='ltr'>Bohemie</span> <span class='ocrx_word' id='word_1_126' title='bbox 1441 821 1514 842; x_wconf 91' lang='lat' dir='ltr'>cum</span> <span class='ocrx_word' id='word_1_127' title='bbox 1534 820 1651 852; x_wconf 82' lang='lat' dir='ltr'>magno</span> <span class='ocrx_word' id='word_1_128' title='bbox 1668 809 1835 842; x_wconf 69' lang='lat' dir='ltr'>exercitu‘</span> <span class='ocrx_word' id='word_1_129' title='bbox 1857 810 1944 841; x_wconf 83' lang='lat' dir='ltr'>circa</span> <span class='ocrx_word' id='word_1_130' title='bbox 1966 809 2081 842; x_wconf 82' lang='lat' dir='ltr'>festum</span> 
     </span>
    </p>
   </div>
   <div class='ocr_carea' id='block_1_11' title="bbox 441 865 2083 955">
    <p class='ocr_par' dir='ltr' id='par_1_11' title="bbox 441 865 2083 955">
     <span class='ocr_line' id='line_1_23' title="bbox 441 865 782 897; baseline -0.003 -1"><span class='ocrx_word' id='word_1_131' title='bbox 441 865 612 897; x_wconf 86' lang='lat' dir='ltr'>Laurencii</span> <span class='ocrx_word' id='word_1_132' title='bbox 633 865 782 897; x_wconf 87' lang='lat' dir='ltr'>martiris.</span> 
     </span>
     <span class='ocr_line' id='line_1_24' title="bbox 546 911 2083 955; baseline -0.003 -7"><span class='ocrx_word' id='word_1_133' title='bbox 546 916 596 948; x_wconf 85' lang='lat'>36.</span> <span class='ocrx_word' id='word_1_134' title='bbox 641 916 722 948; x_wconf 88' lang='lat' dir='ltr'>Item</span> <span class='ocrx_word' id='word_1_135' title='bbox 753 916 784 947; x_wconf 90' lang='lat' dir='ltr'>in</span> <span class='ocrx_word' id='word_1_136' title='bbox 815 915 928 947; x_wconf 89' lang='lat' dir='ltr'>eodem</span> <span class='ocrx_word' id='word_1_137' title='bbox 956 925 1040 946; x_wconf 85' lang='lat' dir='ltr'>anno</span> <span class='ocrx_word' id='word_1_138' title='bbox 1071 914 1132 945; x_wconf 86' lang='lat' dir='ltr'>fuit</span> <span class='ocrx_word' id='word_1_139' title='bbox 1158 912 1316 955; x_wconf 83' lang='lat' dir='ltr'>generalis</span> <span class='ocrx_word' id='word_1_140' title='bbox 1344 913 1490 947; x_wconf 81' lang='lat' dir='ltr'>visitacio</span> <span class='ocrx_word' id='word_1_141' title='bbox 1525 913 1558 944; x_wconf 91' lang='lat' dir='ltr'>in</span> <span class='ocrx_word' id='word_1_142' title='bbox 1593 912 1733 944; x_wconf 70' lang='lat' dir='ltr'>diocesif</span> <span class='ocrx_word' id='word_1_143' title='bbox 1761 911 1950 944; x_wconf 89' lang='lat' dir='ltr'>Treverensi</span> <span class='ocrx_word' id='word_1_144' title='bbox 1985 923 2083 954; x_wconf 82' lang='lat' dir='ltr'>supra</span> 
     </span>
    </p>
   </div>
   <div class='ocr_carea' id='block_1_12' title="bbox 441 963 2082 1009">
    <p class='ocr_par' dir='ltr' id='par_1_12' title="bbox 441 963 2082 1009">
     <span class='ocr_line' id='line_1_25' title="bbox 441 963 2082 1009; baseline -0.002 -11"><span class='ocrx_word' id='word_1_145' title='bbox 441 967 559 999; x_wconf 88' lang='lat' dir='ltr'>clerum</span> <span class='ocrx_word' id='word_1_146' title='bbox 583 971 726 1009; x_wconf 87' lang='lat' dir='ltr'>tempore</span> <span class='ocrx_word' id='word_1_147' title='bbox 750 966 878 998; x_wconf 87' lang='lat' dir='ltr'>Ottonis</span> <span class='ocrx_word' id='word_1_148' title='bbox 900 966 939 998; x_wconf 90' lang='lat' dir='ltr'>de</span> <span class='ocrx_word' id='word_1_149' title='bbox 962 965 1179 1007; x_wconf 85' lang='lat' dir='ltr'>Ziegenhaine</span> <span class='ocrx_word' id='word_1_150' title='bbox 1205 963 1456 1007; x_wconf 71' lang='lat' dir='ltr'>archiepiscopiss</span> <span class='ocrx_word' id='word_1_151' title='bbox 1478 964 1702 1004; x_wconf 85' lang='lat' dir='ltr'>Treverensis,</span> <span class='ocrx_word' id='word_1_152' title='bbox 1725 969 1757 996; x_wconf 91' lang='lat' dir='ltr'>et</span> <span class='ocrx_word' id='word_1_153' title='bbox 1784 963 1914 996; x_wconf 88' lang='lat' dir='ltr'>fuerunt</span> <span class='ocrx_word' id='word_1_154' title='bbox 1941 964 1974 995; x_wconf 90' lang='lat' dir='ltr'>in</span> <span class='ocrx_word' id='word_1_155' title='bbox 1997 963 2082 996; x_wconf 87' lang='lat' dir='ltr'>Lim-</span> 
     </span>
    </p>
   </div>
   <div class='ocr_carea' id='block_1_13' title="bbox 442 1015 2130 1162">
    <p class='ocr_par' dir='ltr' id='par_1_13' title="bbox 442 1015 2130 1162">
     <span class='ocr_line' id='line_1_26' title="bbox 442 1015 2130 1062; baseline -0.003 -12"><span class='ocrx_word' id='word_1_156' title='bbox 442 1030 526 1062; x_wconf 88' lang='lat' dir='ltr'>purg</span> <span class='ocrx_word' id='word_1_157' title='bbox 549 1019 580 1049; x_wconf 92' lang='lat' dir='ltr'>in</span> <span class='ocrx_word' id='word_1_158' title='bbox 604 1018 770 1050; x_wconf 86' lang='lat' dir='ltr'>divisionis</span> <span class='ocrx_word' id='word_1_159' title='bbox 793 1016 1035 1060; x_wconf 84' lang='lat' dir='ltr'>appostulorum</span> <span class='ocrx_word' id='word_1_160' title='bbox 1059 1016 1145 1048; x_wconf 87' lang='lat' dir='ltr'>Petri</span> <span class='ocrx_word' id='word_1_161' title='bbox 1167 1021 1199 1048; x_wconf 89' lang='lat' dir='ltr'>et</span> <span class='ocrx_word' id='word_1_162' title='bbox 1222 1015 1323 1047; x_wconf 83' lang='lat' dir='ltr'>Pauli.</span> <span class='ocrx_word' id='word_1_163' title='bbox 2102 1029 2130 1049; x_wconf 66' lang='grc' dir='ltr'>ιε,</span> 
     </span>
     <span class='ocr_line' id='line_1_27' title="bbox 548 1066 2082 1112; baseline -0.002 -11"><span class='ocrx_word' id='word_1_164' title='bbox 548 1070 598 1101; x_wconf 87' lang='lat'>37.</span> <span class='ocrx_word' id='word_1_165' title='bbox 636 1070 645 1081; x_wconf 74' lang='lat'>⁴</span> <span class='ocrx_word' id='word_1_166' title='bbox 658 1069 751 1109; x_wconf 83' lang='lat' dir='ltr'>Nota,</span> <span class='ocrx_word' id='word_1_167' title='bbox 775 1068 883 1112; x_wconf 72' lang='lat' dir='ltr'>quod*¹</span> <span class='ocrx_word' id='word_1_168' title='bbox 899 1069 931 1100; x_wconf 90' lang='lat' dir='ltr'>in</span> <span class='ocrx_word' id='word_1_169' title='bbox 946 1079 1031 1100; x_wconf 85' lang='lat' dir='ltr'>anno</span> <span class='ocrx_word' id='word_1_170' title='bbox 1047 1067 1179 1099; x_wconf 90' lang='lat' dir='ltr'>Domini</span> <span class='ocrx_word' id='word_1_171' title='bbox 1195 1066 1364 1099; x_wconf 88' lang='lat' dir='ltr'>millesimo</span> <span class='ocrx_word' id='word_1_172' title='bbox 1380 1066 1696 1110; x_wconf 86' lang='lat' dir='ltr'>quadringentesimo</span> <span class='ocrx_word' id='word_1_173' title='bbox 1711 1067 1863 1098; x_wconf 86' lang='lat' dir='ltr'>vicesimo</span> <span class='ocrx_word' id='word_1_174' title='bbox 1879 1070 1971 1098; x_wconf 87' lang='lat' dir='ltr'>sexto</span> <span class='ocrx_word' id='word_1_175' title='bbox 1989 1077 2082 1098; x_wconf 88' lang='lat' dir='ltr'>vene-</span> 
     </span>
     <span class='ocr_line' id='line_1_28' title="bbox 443 1117 2084 1162; baseline -0.002 -10"><span class='ocrx_word' id='word_1_176' title='bbox 443 1120 552 1152; x_wconf 87' lang='lat' dir='ltr'>rabilis</span> <span class='ocrx_word' id='word_1_177' title='bbox 580 1121 613 1152; x_wconf 92' lang='lat' dir='ltr'>in</span> <span class='ocrx_word' id='word_1_178' title='bbox 643 1120 749 1152; x_wconf 86' lang='lat' dir='ltr'>Cristo</span> <span class='ocrx_word' id='word_1_179' title='bbox 780 1124 872 1162; x_wconf 84' lang='lat' dir='ltr'>pater</span> <span class='ocrx_word' id='word_1_180' title='bbox 898 1119 1048 1151; x_wconf 89' lang='lat' dir='ltr'>dominus</span> <span class='ocrx_word' id='word_1_181' title='bbox 1079 1118 1227 1150; x_wconf 88' lang='lat' dir='ltr'>dominus</span> <span class='ocrx_word' id='word_1_182' title='bbox 1257 1118 1334 1150; x_wconf 83' lang='lat' dir='ltr'>Otto</span> <span class='ocrx_word' id='word_1_183' title='bbox 1362 1118 1623 1160; x_wconf 81' lang='lat' dir='ltr'>archiepiscopus</span> <span class='ocrx_word' id='word_1_184' title='bbox 1650 1118 1857 1150; x_wconf 86' lang='lat' dir='ltr'>Treverensis</span> <span class='ocrx_word' id='word_1_185' title='bbox 1885 1118 1918 1149; x_wconf 90' lang='lat' dir='ltr'>in</span> <span class='ocrx_word' id='word_1_186' title='bbox 1948 1117 2084 1150; x_wconf 87' lang='lat' dir='ltr'>ecclesia</span> 
     </span>
    </p>
   </div>
   <div class='ocr_carea' id='block_1_14' title="bbox 351 1168 2083 1214">
    <p class='ocr_par' dir='ltr' id='par_1_14' title="bbox 351 1168 2083 1214">
     <span class='ocr_line' id='line_1_29' title="bbox 351 1168 2083 1214; baseline -0.001 -11"><span class='ocrx_word' id='word_1_187' title='bbox 351 1189 362 1203; x_wconf 69' lang='lat' dir='ltr'>e</span> <span class='ocrx_word' id='word_1_188' title='bbox 417 1197 423 1203; x_wconf 92' lang='lat'><em>.</em></span> <span class='ocrx_word' id='word_1_189' title='bbox 444 1172 546 1204; x_wconf 84' lang='lat' dir='ltr'>sancti</span> <span class='ocrx_word' id='word_1_190' title='bbox 569 1171 701 1214; x_wconf 84' lang='lat' dir='ltr'>Georgii</span> <span class='ocrx_word' id='word_1_191' title='bbox 724 1172 756 1203; x_wconf 90' lang='lat' dir='ltr'>in</span> <span class='ocrx_word' id='word_1_192' title='bbox 778 1171 936 1214; x_wconf 87' lang='lat' dir='ltr'>Limpurg</span> <span class='ocrx_word' id='word_1_193' title='bbox 959 1170 1166 1213; x_wconf 79' lang='lat' dir='ltr'>solempniter</span> <span class='ocrx_word' id='word_1_194' title='bbox 1187 1169 1360 1202; x_wconf 84' lang='lat' dir='ltr'>celebravit</span> <span class='ocrx_word' id='word_1_195' title='bbox 1382 1170 1451 1212; x_wconf 89' lang='lat' dir='ltr'>ipso</span> <span class='ocrx_word' id='word_1_196' title='bbox 1474 1169 1526 1201; x_wconf 86' lang='lat' dir='ltr'>die</span> <span class='ocrx_word' id='word_1_197' title='bbox 1548 1168 1662 1201; x_wconf 84' lang='lat' dir='ltr'>natalis</span> <span class='ocrx_word' id='word_1_198' title='bbox 1686 1169 1783 1201; x_wconf 86' lang='lat' dir='ltr'>Oristi</span> <span class='ocrx_word' id='word_1_199' title='bbox 1810 1169 1845 1201; x_wconf 91' lang='lat' dir='ltr'>in</span> <span class='ocrx_word' id='word_1_200' title='bbox 1871 1169 1952 1202; x_wconf 88' lang='lat' dir='ltr'>albis</span> <span class='ocrx_word' id='word_1_201' title='bbox 1979 1169 2083 1213; x_wconf 84' lang='lat' dir='ltr'>ponti·</span> 
     </span>
    </p>
   </div>
   <div class='ocr_carea' id='block_1_15' title="bbox 353 1391 418 1412">
    <p class='ocr_par' dir='ltr' id='par_1_15' title="bbox 353 1391 418 1412">
     <span class='ocr_line' id='line_1_30' title="bbox 353 1391 418 1412; baseline 0.031 -2"><span class='ocrx_word' id='word_1_202' title='bbox 353 1391 418 1412; x_wconf 72' lang='lat'>142⁷.</span> 
     </span>
    </p>
   </div>
   <div class='ocr_carea' id='block_1_16' title="bbox 314 1489 420 1515">
    <p class='ocr_par' dir='ltr' id='par_1_16' title="bbox 314 1489 420 1515">
     <span class='ocr_line' id='line_1_31' title="bbox 314 1489 420 1515; baseline 0 -6"><span class='ocrx_word' id='word_1_203' title='bbox 314 1489 367 1515; x_wconf 79' lang='lat' dir='ltr'>juni</span> <span class='ocrx_word' id='word_1_204' title='bbox 384 1490 420 1509; x_wconf 68' lang='lat'>84.</span> 
     </span>
    </p>
   </div>
   <div class='ocr_carea' id='block_1_17' title="bbox 303 1546 424 1626">
    <p class='ocr_par' dir='ltr' id='par_1_17' title="bbox 303 1546 424 1626">
     <span class='ocr_line' id='line_1_32' title="bbox 357 1546 422 1566; baseline 0 0"><span class='ocrx_word' id='word_1_205' title='bbox 357 1546 422 1566; x_wconf 77' lang='lat'><strong>1428.</strong></span> 
     </span>
     <span class='ocr_line' id='line_1_33' title="bbox 303 1577 422 1596; baseline 0.008 -1"><span class='ocrx_word' id='word_1_206' title='bbox 303 1577 350 1596; x_wconf 72' lang='lat' dir='ltr'>mni</span> <span class='ocrx_word' id='word_1_207' title='bbox 367 1577 422 1596; x_wconf 75' lang='lat'>23-</span> 
     </span>
     <span class='ocr_line' id='line_1_34' title="bbox 321 1606 424 1626; baseline 0 -1"><span class='ocrx_word' id='word_1_208' title='bbox 321 1606 371 1626; x_wconf 85' lang='lat' dir='ltr'>dec.</span> <span class='ocrx_word' id='word_1_209' title='bbox 389 1606 424 1625; x_wconf 72' lang='lat'>2⁵.</span> 
     </span>
    </p>
   </div>
   <div class='ocr_carea' id='block_1_18' title="bbox 328 1647 424 1729">
    <p class='ocr_par' dir='ltr' id='par_1_18' title="bbox 328 1647 424 1729">
     <span class='ocr_line' id='line_1_35' title="bbox 348 1647 424 1670; baseline -0.013 -1"><span class='ocrx_word' id='word_1_210' title='bbox 348 1647 378 1669; x_wconf 65' lang='grc' dir='ltr'>’ᾗ</span> <span class='ocrx_word' id='word_1_211' title='bbox 389 1650 424 1670; x_wconf 79' lang='lat'>12.</span> 
     </span>
     <span class='ocr_line' id='line_1_36' title="bbox 356 1679 422 1699; baseline 0.015 -1"><span class='ocrx_word' id='word_1_212' title='bbox 356 1679 422 1699; x_wconf 72' lang='lat'>1429.</span> 
     </span>
     <span class='ocr_line' id='line_1_37' title="bbox 328 1709 423 1729; baseline 0 -1"><span class='ocrx_word' id='word_1_213' title='bbox 328 1709 375 1728; x_wconf 71' lang='lat' dir='ltr'>mai</span> <span class='ocrx_word' id='word_1_214' title='bbox 387 1709 423 1729; x_wconf 75' lang='lat'>2¹1.</span> 
     </span>
    </p>
   </div>
   <div class='ocr_carea' id='block_1_19' title="bbox 329 1798 422 1823">
    <p class='ocr_par' dir='ltr' id='par_1_19' title="bbox 329 1798 422 1823">
     <span class='ocr_line' id='line_1_38' title="bbox 329 1798 422 1823; baseline 0.011 -5"><span class='ocrx_word' id='word_1_215' title='bbox 329 1798 383 1823; x_wconf 73' lang='lat' dir='ltr'>juni</span> <span class='ocrx_word' id='word_1_216' title='bbox 401 1799 422 1819; x_wconf 90' lang='lat'>1.</span> 
     </span>
    </p>
   </div>
   <div class='ocr_carea' id='block_1_20' title="bbox 310 1896 420 1946">
    <p class='ocr_par' dir='ltr' id='par_1_20' title="bbox 310 1896 420 1946">
     <span class='ocr_line' id='line_1_39' title="bbox 356 1896 420 1916; baseline 0.016 -1"><span class='ocrx_word' id='word_1_217' title='bbox 356 1896 420 1916; x_wconf 71' lang='lat'>1480.</span> 
     </span>
     <span class='ocr_line' id='line_1_40' title="bbox 310 1925 420 1946; baseline 0.009 -1"><span class='ocrx_word' id='word_1_218' title='bbox 310 1925 368 1946; x_wconf 76' lang='lat' dir='ltr'>febr.</span> <span class='ocrx_word' id='word_1_219' title='bbox 386 1926 420 1946; x_wconf 80' lang='lat'>1³.</span> 
     </span>
    </p>
   </div>
   <div class='ocr_carea' id='block_1_21' title="bbox 355 2000 419 2021">
    <p class='ocr_par' dir='ltr' id='par_1_21' title="bbox 355 2000 419 2021">
     <span class='ocr_line' id='line_1_41' title="bbox 355 2000 419 2021; baseline 0.016 -1"><span class='ocrx_word' id='word_1_220' title='bbox 355 2000 419 2021; x_wconf 74' lang='lat'>14³6.</span> 
     </span>
    </p>
   </div>
   <div class='ocr_carea' id='block_1_22' title="bbox 327 2157 418 2208">
    <p class='ocr_par' dir='ltr' id='par_1_22' title="bbox 327 2157 418 2208">
     <span class='ocr_line' id='line_1_42' title="bbox 327 2157 418 2179; baseline 0 -1"><span class='ocrx_word' id='word_1_221' title='bbox 327 2157 357 2179; x_wconf 66' lang='lat'>⁸1.</span> <span class='ocrx_word' id='word_1_222' title='bbox 376 2159 418 2178; x_wconf 72' lang='lat'>12‘.</span> 
     </span>
     <span class='ocr_line' id='line_1_43' title="bbox 354 2188 418 2208; baseline 0.016 -1"><span class='ocrx_word' id='word_1_223' title='bbox 354 2188 418 2208; x_wconf 75' lang='lat'>1481.</span> 
     </span>
    </p>
   </div>
   <div class='ocr_carea' id='block_1_23' title="bbox 328 2519 422 2540">
    <p class='ocr_par' dir='ltr' id='par_1_23' title="bbox 328 2519 422 2540">
     <span class='ocr_line' id='line_1_44' title="bbox 328 2519 422 2540; baseline 0 -1"><span class='ocrx_word' id='word_1_224' title='bbox 328 2519 345 2539; x_wconf 67' lang='lat' dir='ltr'>f.</span> <span class='ocrx_word' id='word_1_225' title='bbox 362 2519 422 2540; x_wconf 76' lang='lat'><strong><em>80⁷¹.</em></strong></span> 
     </span>
    </p>
   </div>
   <div class='ocr_carea' id='block_1_24' title="bbox 343 2668 422 2719">
    <p class='ocr_par' dir='ltr' id='par_1_24' title="bbox 343 2668 422 2719">
     <span class='ocr_line' id='line_1_45' title="bbox 343 2668 420 2688; baseline 0 0"><span class='ocrx_word' id='word_1_226' title='bbox 343 2669 359 2688; x_wconf 71' lang='grc' dir='ltr'>ἰ.</span> <span class='ocrx_word' id='word_1_227' title='bbox 378 2668 420 2688; x_wconf 73' lang='lat'>18¹.</span> 
     </span>
     <span class='ocr_line' id='line_1_46' title="bbox 354 2698 422 2719; baseline 0.029 -2"><span class='ocrx_word' id='word_1_228' title='bbox 354 2698 422 2719; x_wconf 70' lang='lat'>1⁴³2.</span> 
     </span>
    </p>
   </div>
   <div class='ocr_carea' id='block_1_25' title="bbox 438 1219 2130 2705">
    <p class='ocr_par' dir='ltr' id='par_1_25' title="bbox 441 1219 2130 1367">
     <span class='ocr_line' id='line_1_47' title="bbox 441 1219 2083 1265; baseline -0.001 -11"><span class='ocrx_word' id='word_1_229' title='bbox 441 1222 587 1254; x_wconf 85' lang='lat' dir='ltr'>ficalibus</span> <span class='ocrx_word' id='word_1_230' title='bbox 609 1233 686 1254; x_wconf 91' lang='lat' dir='ltr'>usus</span> <span class='ocrx_word' id='word_1_231' title='bbox 708 1222 805 1265; x_wconf 88' lang='lat' dir='ltr'>pallio</span> <span class='ocrx_word' id='word_1_232' title='bbox 828 1222 908 1254; x_wconf 87' lang='lat' dir='ltr'>duas</span> <span class='ocrx_word' id='word_1_233' title='bbox 932 1223 1057 1262; x_wconf 87' lang='lat' dir='ltr'>missas,</span> <span class='ocrx_word' id='word_1_234' title='bbox 1078 1220 1228 1254; x_wconf 86' lang='lat' dir='ltr'>videlicet</span> <span class='ocrx_word' id='word_1_235' title='bbox 1242 1222 1379 1263; x_wconf 84' lang='lat' dir='ltr'>primam</span> <span class='ocrx_word' id='word_1_236' title='bbox 1401 1221 1433 1252; x_wconf 90' lang='lat' dir='ltr'>in</span> <span class='ocrx_word' id='word_1_237' title='bbox 1445 1220 1648 1262; x_wconf 83' lang='lat' dir='ltr'>gallicantica</span> <span class='ocrx_word' id='word_1_238' title='bbox 1669 1221 1840 1253; x_wconf 84' lang='lat' dir='ltr'>‘Dominus</span> <span class='ocrx_word' id='word_1_239' title='bbox 1862 1220 1946 1253; x_wconf 82' lang='lat' dir='ltr'>dixit</span> <span class='ocrx_word' id='word_1_240' title='bbox 1967 1219 2008 1252; x_wconf 80' lang='lat' dir='ltr'>ad</span> <span class='ocrx_word' id='word_1_241' title='bbox 2031 1231 2083 1253; x_wconf 88' lang='lat' dir='ltr'>me</span> 
     </span>
     <span class='ocr_line' id='line_1_48' title="bbox 441 1270 2130 1316; baseline -0.001 -11"><span class='ocrx_word' id='word_1_242' title='bbox 441 1273 547 1314; x_wconf 81' lang='lat' dir='ltr'>filius’3</span> <span class='ocrx_word' id='word_1_243' title='bbox 571 1274 745 1306; x_wconf 83' lang='lat' dir='ltr'>secundam</span> <span class='ocrx_word' id='word_1_244' title='bbox 768 1274 915 1306; x_wconf 80' lang='lat' dir='ltr'>missami</span> <span class='ocrx_word' id='word_1_245' title='bbox 940 1273 1068 1316; x_wconf 82' lang='lat' dir='ltr'>legebat</span> <span class='ocrx_word' id='word_1_246' title='bbox 1088 1273 1122 1304; x_wconf 87' lang='lat' dir='ltr'>in</span> <span class='ocrx_word' id='word_1_247' title='bbox 1144 1278 1259 1313; x_wconf 83' lang='lat' dir='ltr'>castro,</span> <span class='ocrx_word' id='word_1_248' title='bbox 1282 1277 1314 1304; x_wconf 92' lang='lat' dir='ltr'>et</span> <span class='ocrx_word' id='word_1_249' title='bbox 1335 1272 1466 1304; x_wconf 78' lang='lat' dir='ltr'>terciam</span> <span class='ocrx_word' id='word_1_250' title='bbox 1490 1273 1523 1304; x_wconf 91' lang='lat' dir='ltr'>in</span> <span class='ocrx_word' id='word_1_251' title='bbox 1545 1282 1671 1304; x_wconf 87' lang='lat' dir='ltr'>summo</span> <span class='ocrx_word' id='word_1_252' title='bbox 1693 1271 1793 1304; x_wconf 77' lang='lat' dir='ltr'>altare</span> <span class='ocrx_word' id='word_1_253' title='bbox 1816 1270 1951 1304; x_wconf 83' lang='lat' dir='ltr'>ecclesie</span> <span class='ocrx_word' id='word_1_254' title='bbox 1980 1273 2083 1305; x_wconf 82' lang='lat' dir='ltr'>sancti</span> <span class='ocrx_word' id='word_1_255' title='bbox 2101 1284 2130 1304; x_wconf 71' lang='lat' dir='ltr'>a·</span> 
     </span>
     <span class='ocr_line' id='line_1_49' title="bbox 441 1324 584 1367; baseline -0.007 -10"><span class='ocrx_word' id='word_1_256' title='bbox 441 1324 584 1367; x_wconf 81' lang='lat' dir='ltr'>Georgii.</span> 
     </span>
    </p>

    <p class='ocr_par' dir='ltr' id='par_1_26' title="bbox 440 1374 2084 1520">
     <span class='ocr_line' id='line_1_50' title="bbox 544 1374 2084 1418; baseline -0.001 -10"><span class='ocrx_word' id='word_1_257' title='bbox 544 1377 595 1409; x_wconf 90' lang='lat'>38.</span> <span class='ocrx_word' id='word_1_258' title='bbox 632 1376 727 1408; x_wconf 91' lang='lat' dir='ltr'>Anno</span> <span class='ocrx_word' id='word_1_259' title='bbox 755 1376 887 1407; x_wconf 89' lang='lat' dir='ltr'>Domini</span> <span class='ocrx_word' id='word_1_260' title='bbox 920 1375 1088 1407; x_wconf 88' lang='lat' dir='ltr'>millesimo</span> <span class='ocrx_word' id='word_1_261' title='bbox 1123 1374 1438 1417; x_wconf 84' lang='lat' dir='ltr'>quadringentesimo</span> <span class='ocrx_word' id='word_1_262' title='bbox 1464 1374 1620 1406; x_wconf 85' lang='lat' dir='ltr'>vicesimo</span> <span class='ocrx_word' id='word_1_263' title='bbox 1647 1374 1784 1417; x_wconf 87' lang='lat' dir='ltr'>septimo</span> <span class='ocrx_word' id='word_1_264' title='bbox 1813 1374 1899 1406; x_wconf 89' lang='lat' dir='ltr'>idem</span> <span class='ocrx_word' id='word_1_265' title='bbox 1927 1375 2084 1418; x_wconf 84' lang='lat' dir='ltr'>archiepi-</span> 
     </span>
     <span class='ocr_line' id='line_1_51' title="bbox 440 1425 2082 1471; baseline -0.001 -11"><span class='ocrx_word' id='word_1_266' title='bbox 440 1439 557 1471; x_wconf 88' lang='lat' dir='ltr'>scopus</span> <span class='ocrx_word' id='word_1_267' title='bbox 580 1427 728 1459; x_wconf 84' lang='lat' dir='ltr'>dominus</span> <span class='ocrx_word' id='word_1_268' title='bbox 745 1427 822 1460; x_wconf 87' lang='lat' dir='ltr'>Otto</span> <span class='ocrx_word' id='word_1_269' title='bbox 844 1426 1054 1470; x_wconf 81' lang='lat' dir='ltr'>personaliter</span> <span class='ocrx_word' id='word_1_270' title='bbox 1075 1426 1237 1458; x_wconf 84' lang='lat' dir='ltr'>transtulit</span> <span class='ocrx_word' id='word_1_271' title='bbox 1259 1437 1292 1458; x_wconf 92' lang='lat' dir='ltr'>se</span> <span class='ocrx_word' id='word_1_272' title='bbox 1315 1431 1427 1458; x_wconf 80' lang='lat' dir='ltr'>contra</span> <span class='ocrx_word' id='word_1_273' title='bbox 1448 1426 1588 1468; x_wconf 85' lang='lat' dir='ltr'>prefatos</span> <span class='ocrx_word' id='word_1_274' title='bbox 1610 1425 1766 1458; x_wconf 85' lang='lat' dir='ltr'>hereticos</span> <span class='ocrx_word' id='word_1_275' title='bbox 1788 1425 1943 1458; x_wconf 86' lang='lat' dir='ltr'>Bohemie</span> <span class='ocrx_word' id='word_1_276' title='bbox 1965 1436 2082 1468; x_wconf 69' lang='lat' dir='ltr'>magno</span> 
     </span>
     <span class='ocr_line' id='line_1_52' title="bbox 442 1477 1298 1520; baseline -0.004 -9"><span class='ocrx_word' id='word_1_277' title='bbox 442 1491 516 1511; x_wconf 91' lang='lat' dir='ltr'>cum</span> <span class='ocrx_word' id='word_1_278' title='bbox 539 1479 683 1511; x_wconf 87' lang='lat' dir='ltr'>exercitu</span> <span class='ocrx_word' id='word_1_279' title='bbox 705 1479 792 1510; x_wconf 85' lang='lat' dir='ltr'>circa</span> <span class='ocrx_word' id='word_1_280' title='bbox 813 1478 929 1511; x_wconf 89' lang='lat' dir='ltr'>festum</span> <span class='ocrx_word' id='word_1_281' title='bbox 953 1477 1125 1510; x_wconf 60' lang='lat' dir='ltr'>Iohannis*</span> <span class='ocrx_word' id='word_1_282' title='bbox 1149 1477 1298 1520; x_wconf 83' lang='lat' dir='ltr'>baptiste.</span> 
     </span>
    </p>

    <p class='ocr_par' dir='ltr' id='par_1_27' title="bbox 443 1527 2130 1624">
     <span class='ocr_line' id='line_1_53' title="bbox 547 1527 2130 1572; baseline 0.001 -10"><span class='ocrx_word' id='word_1_283' title='bbox 547 1531 598 1563; x_wconf 86' lang='lat'>39.</span> <span class='ocrx_word' id='word_1_284' title='bbox 635 1530 729 1562; x_wconf 89' lang='lat' dir='ltr'>Anno</span> <span class='ocrx_word' id='word_1_285' title='bbox 751 1530 884 1562; x_wconf 87' lang='lat' dir='ltr'>Domini</span> <span class='ocrx_word' id='word_1_286' title='bbox 907 1529 1074 1561; x_wconf 89' lang='lat' dir='ltr'>millesimo</span> <span class='ocrx_word' id='word_1_287' title='bbox 1097 1529 1414 1572; x_wconf 86' lang='lat' dir='ltr'>quadringentesimo</span> <span class='ocrx_word' id='word_1_288' title='bbox 1435 1528 1591 1560; x_wconf 86' lang='lat' dir='ltr'>vicesimo</span> <span class='ocrx_word' id='word_1_289' title='bbox 1613 1532 1727 1560; x_wconf 81' lang='lat' dir='ltr'>octavo</span> <span class='ocrx_word' id='word_1_290' title='bbox 1756 1527 1817 1560; x_wconf 84' lang='lat' dir='ltr'>fuit</span> <span class='ocrx_word' id='word_1_291' title='bbox 1843 1539 1960 1571; x_wconf 77' lang='lat' dir='ltr'>magna</span> <span class='ocrx_word' id='word_1_292' title='bbox 1986 1529 2082 1572; x_wconf 78' lang='lat' dir='ltr'>pesti-</span> <span class='ocrx_word' id='word_1_293' title='bbox 2101 1541 2130 1563; x_wconf 70' lang='lat' dir='ltr'>ss</span> 
     </span>
     <span class='ocr_line' id='line_1_54' title="bbox 443 1578 1713 1624; baseline -0.002 -10"><span class='ocrx_word' id='word_1_294' title='bbox 443 1582 547 1615; x_wconf 88' lang='lat' dir='ltr'>leucia</span> <span class='ocrx_word' id='word_1_295' title='bbox 569 1583 600 1613; x_wconf 89' lang='lat' dir='ltr'>in</span> <span class='ocrx_word' id='word_1_296' title='bbox 623 1581 781 1624; x_wconf 85' lang='lat' dir='ltr'>Limpurg</span> <span class='ocrx_word' id='word_1_297' title='bbox 803 1592 822 1612; x_wconf 87' lang='lat' dir='ltr'>a</span> <span class='ocrx_word' id='word_1_298' title='bbox 844 1581 924 1613; x_wconf 85' lang='lat' dir='ltr'>festo</span> <span class='ocrx_word' id='word_1_299' title='bbox 948 1580 1172 1624; x_wconf 83' lang='lat' dir='ltr'>penthecostes</span> <span class='ocrx_word' id='word_1_300' title='bbox 1195 1591 1297 1623; x_wconf 89' lang='lat' dir='ltr'>usque</span> <span class='ocrx_word' id='word_1_301' title='bbox 1319 1579 1361 1612; x_wconf 84' lang='lat' dir='ltr'>ad</span> <span class='ocrx_word' id='word_1_302' title='bbox 1383 1580 1581 1612; x_wconf 81' lang='lat' dir='ltr'>nativitatem</span> <span class='ocrx_word' id='word_1_303' title='bbox 1605 1578 1713 1611; x_wconf 84' lang='lat' dir='ltr'>Cristi.</span> 
     </span>
    </p>

    <p class='ocr_par' dir='ltr' id='par_1_28' title="bbox 440 1631 2128 1881">
     <span class='ocr_line' id='line_1_55' title="bbox 548 1631 2083 1675; baseline -0.001 -10"><span class='ocrx_word' id='word_1_304' title='bbox 548 1634 599 1665; x_wconf 87' lang='grc'>40.</span> <span class='ocrx_word' id='word_1_305' title='bbox 636 1633 748 1665; x_wconf 76' lang='lat' dir='ltr'>‘Anno</span> <span class='ocrx_word' id='word_1_306' title='bbox 771 1633 904 1664; x_wconf 88' lang='lat' dir='ltr'>Domini</span> <span class='ocrx_word' id='word_1_307' title='bbox 925 1632 1093 1664; x_wconf 91' lang='lat' dir='ltr'>millesimo</span> <span class='ocrx_word' id='word_1_308' title='bbox 1117 1631 1433 1675; x_wconf 84' lang='lat' dir='ltr'>quadringentesimo</span> <span class='ocrx_word' id='word_1_309' title='bbox 1455 1631 1611 1663; x_wconf 87' lang='lat' dir='ltr'>vicesimo</span> <span class='ocrx_word' id='word_1_310' title='bbox 1638 1642 1723 1663; x_wconf 89' lang='lat' dir='ltr'>nono</span> <span class='ocrx_word' id='word_1_311' title='bbox 1752 1631 1814 1663; x_wconf 86' lang='lat' dir='ltr'>fuit</span> <span class='ocrx_word' id='word_1_312' title='bbox 1841 1631 1976 1664; x_wconf 85' lang='lat' dir='ltr'>ecclesia</span> <span class='ocrx_word' id='word_1_313' title='bbox 1997 1631 2083 1664; x_wconf 86' lang='lat' dir='ltr'>Lim-</span> 
     </span>
     <span class='ocr_line' id='line_1_56' title="bbox 441 1682 2082 1727; baseline 0.001 -12"><span class='ocrx_word' id='word_1_314' title='bbox 441 1684 611 1726; x_wconf 84' lang='lat' dir='ltr'>purgensis</span> <span class='ocrx_word' id='word_1_315' title='bbox 637 1684 756 1716; x_wconf 84' lang='lat' dir='ltr'>violata</span> <span class='ocrx_word' id='word_1_316' title='bbox 785 1689 876 1716; x_wconf 83' lang='lat' dir='ltr'>sexta</span> <span class='ocrx_word' id='word_1_317' title='bbox 902 1683 982 1715; x_wconf 83' lang='lat' dir='ltr'>feria</span> <span class='ocrx_word' id='word_1_318' title='bbox 1011 1683 1094 1716; x_wconf 85' lang='lat' dir='ltr'>infra</span> <span class='ocrx_word' id='word_1_319' title='bbox 1121 1687 1267 1715; x_wconf 85' lang='lat' dir='ltr'>octavam</span> <span class='ocrx_word' id='word_1_320' title='bbox 1295 1682 1518 1725; x_wconf 86' lang='lat' dir='ltr'>penthecostes</span> <span class='ocrx_word' id='word_1_321' title='bbox 1548 1694 1606 1726; x_wconf 87' lang='lat' dir='ltr'>per</span> <span class='ocrx_word' id='word_1_322' title='bbox 1633 1682 1733 1714; x_wconf 89' lang='lat' dir='ltr'>filium</span> <span class='ocrx_word' id='word_1_323' title='bbox 1756 1682 1851 1715; x_wconf 87' lang='lat' dir='ltr'>unius</span> <span class='ocrx_word' id='word_1_324' title='bbox 1872 1683 2004 1726; x_wconf 80' lang='lat' dir='ltr'>opidani</span> <span class='ocrx_word' id='word_1_325' title='bbox 2025 1683 2082 1727; x_wconf 85' lang='lat' dir='ltr'>qui</span> 
     </span>
     <span class='ocr_line' id='line_1_57' title="bbox 441 1734 2082 1777; baseline 0.001 -10"><span class='ocrx_word' id='word_1_326' title='bbox 441 1735 617 1768; x_wconf 80' lang='lat' dir='ltr'>vocabatur</span> <span class='ocrx_word' id='word_1_327' title='bbox 640 1735 813 1767; x_wconf 85' lang='lat' dir='ltr'>Scholman</span> <span class='ocrx_word' id='word_1_328' title='bbox 837 1741 868 1767; x_wconf 88' lang='lat' dir='ltr'>et</span> <span class='ocrx_word' id='word_1_329' title='bbox 889 1734 1070 1775; x_wconf 84' lang='lat' dir='ltr'>mulierem3</span> <span class='ocrx_word' id='word_1_330' title='bbox 1093 1736 1148 1777; x_wconf 92' lang='lat' dir='ltr'>qui</span> <span class='ocrx_word' id='word_1_331' title='bbox 1170 1734 1327 1777; x_wconf 86' lang='lat' dir='ltr'>percussit</span> <span class='ocrx_word' id='word_1_332' title='bbox 1348 1744 1419 1766; x_wconf 81' lang='lat' dir='ltr'>eam</span> <span class='ocrx_word' id='word_1_333' title='bbox 1441 1734 1483 1766; x_wconf 81' lang='lat' dir='ltr'>ad</span> <span class='ocrx_word' id='word_1_334' title='bbox 1509 1734 1697 1766; x_wconf 87' lang='lat' dir='ltr'>effusionem</span> <span class='ocrx_word' id='word_1_335' title='bbox 1724 1735 1907 1777; x_wconf 81' lang='lat' dir='ltr'>sangwinis.</span> <span class='ocrx_word' id='word_1_336' title='bbox 1950 1734 1995 1767; x_wconf 84' lang='lat' dir='ltr'>Et</span> <span class='ocrx_word' id='word_1_337' title='bbox 2020 1734 2082 1768; x_wconf 81' lang='lat' dir='ltr'>fuit</span> 
     </span>
     <span class='ocr_line' id='line_1_58' title="bbox 440 1785 2128 1829; baseline 0.001 -11"><span class='ocrx_word' id='word_1_338' title='bbox 440 1787 564 1829; x_wconf 83' lang='lat' dir='ltr'>prefata</span> <span class='ocrx_word' id='word_1_339' title='bbox 585 1786 720 1819; x_wconf 86' lang='lat' dir='ltr'>ecclesia</span> <span class='ocrx_word' id='word_1_340' title='bbox 742 1786 950 1819; x_wconf 83' lang='lat' dir='ltr'>reconciliata</span> <span class='ocrx_word' id='word_1_341' title='bbox 971 1787 1004 1818; x_wconf 94' lang='lat' dir='ltr'>in</span> <span class='ocrx_word' id='word_1_342' title='bbox 1025 1786 1077 1818; x_wconf 87' lang='lat' dir='ltr'>die</span> <span class='ocrx_word' id='word_1_343' title='bbox 1097 1786 1256 1818; x_wconf 86' lang='lat' dir='ltr'>Simeonis</span> <span class='ocrx_word' id='word_1_344' title='bbox 1278 1797 1337 1828; x_wconf 87' lang='lat' dir='ltr'>per</span> <span class='ocrx_word' id='word_1_345' title='bbox 1358 1785 1515 1817; x_wconf 82' lang='lat' dir='ltr'>decanum</span> <span class='ocrx_word' id='word_1_346' title='bbox 1539 1785 1682 1818; x_wconf 89' lang='lat' dir='ltr'>eiusdem</span> <span class='ocrx_word' id='word_1_347' title='bbox 1705 1785 1840 1818; x_wconf 86' lang='lat' dir='ltr'>ecclesie</span> <span class='ocrx_word' id='word_1_348' title='bbox 1862 1785 1902 1819; x_wconf 90' lang='lat' dir='ltr'>de</span> <span class='ocrx_word' id='word_1_349' title='bbox 1924 1796 2081 1820; x_wconf 80' lang='lat' dir='ltr'>consensu</span> <span class='ocrx_word' id='word_1_350' title='bbox 2098 1798 2128 1820; x_wconf 73' lang='grc' dir='ltr'>ιο</span> 
     </span>
     <span class='ocr_line' id='line_1_59' title="bbox 441 1837 2080 1881; baseline -0.001 -12"><span class='ocrx_word' id='word_1_351' title='bbox 441 1838 562 1870; x_wconf 86' lang='lat' dir='ltr'>domini</span> <span class='ocrx_word' id='word_1_352' title='bbox 584 1838 684 1870; x_wconf 78' lang='lat' dir='ltr'>nostri</span> <span class='ocrx_word' id='word_1_353' title='bbox 705 1838 939 1881; x_wconf 85' lang='lat' dir='ltr'>archiepiscopi</span> <span class='ocrx_word' id='word_1_354' title='bbox 960 1837 1178 1869; x_wconf 86' lang='lat' dir='ltr'>Treverensis.</span> <span class='ocrx_word' id='word_1_355' title='bbox 2071 1876 2080 1881; x_wconf 40' lang='lat'>-</span> 
     </span>
    </p>

    <p class='ocr_par' dir='ltr' id='par_1_29' title="bbox 438 1887 2127 2128">
     <span class='ocr_line' id='line_1_60' title="bbox 545 1887 2078 1932; baseline 0.001 -11"><span class='ocrx_word' id='word_1_356' title='bbox 545 1890 596 1923; x_wconf 91' lang='lat'>41.</span> <span class='ocrx_word' id='word_1_357' title='bbox 634 1889 714 1921; x_wconf 89' lang='lat' dir='ltr'>Item</span> <span class='ocrx_word' id='word_1_358' title='bbox 737 1890 770 1921; x_wconf 93' lang='lat' dir='ltr'>in</span> <span class='ocrx_word' id='word_1_359' title='bbox 793 1890 906 1922; x_wconf 90' lang='lat' dir='ltr'>eodem</span> <span class='ocrx_word' id='word_1_360' title='bbox 929 1900 1012 1921; x_wconf 85' lang='lat' dir='ltr'>anno</span> <span class='ocrx_word' id='word_1_361' title='bbox 1035 1889 1115 1921; x_wconf 91' lang='lat' dir='ltr'>obiit</span> <span class='ocrx_word' id='word_1_362' title='bbox 1136 1889 1284 1920; x_wconf 88' lang='lat' dir='ltr'>dominus</span> <span class='ocrx_word' id='word_1_363' title='bbox 1301 1887 1378 1921; x_wconf 90' lang='lat' dir='ltr'>Otto</span> <span class='ocrx_word' id='word_1_364' title='bbox 1400 1887 1440 1920; x_wconf 89' lang='lat' dir='ltr'>de</span> <span class='ocrx_word' id='word_1_365' title='bbox 1457 1887 1663 1929; x_wconf 83' lang='lat' dir='ltr'>Ziegenhane</span> <span class='ocrx_word' id='word_1_366' title='bbox 1683 1888 1948 1932; x_wconf 85' lang='lat' dir='ltr'>archiepiscopus</span> <span class='ocrx_word' id='word_1_367' title='bbox 1962 1888 2078 1922; x_wconf 79' lang='lat' dir='ltr'>Treve-</span> 
     </span>
     <span class='ocr_line' id='line_1_61' title="bbox 439 1939 2080 1984; baseline 0.001 -12"><span class='ocrx_word' id='word_1_368' title='bbox 439 1941 540 1972; x_wconf 86' lang='lat' dir='ltr'>rensis</span> <span class='ocrx_word' id='word_1_369' title='bbox 562 1940 595 1972; x_wconf 88' lang='lat' dir='ltr'>in</span> <span class='ocrx_word' id='word_1_370' title='bbox 618 1940 670 1972; x_wconf 89' lang='lat' dir='ltr'>die</span> <span class='ocrx_word' id='word_1_371' title='bbox 693 1941 795 1972; x_wconf 84' lang='lat' dir='ltr'>sancti</span> <span class='ocrx_word' id='word_1_372' title='bbox 818 1941 972 1974; x_wconf 83' lang='lat' dir='ltr'>Castoris.</span> <span class='ocrx_word' id='word_1_373' title='bbox 1016 1940 1060 1972; x_wconf 85' lang='lat' dir='ltr'>Et</span> <span class='ocrx_word' id='word_1_374' title='bbox 1081 1945 1154 1982; x_wconf 86' lang='lat' dir='ltr'>post</span> <span class='ocrx_word' id='word_1_375' title='bbox 1178 1939 1267 1972; x_wconf 88' lang='lat' dir='ltr'>illum</span> <span class='ocrx_word' id='word_1_376' title='bbox 1289 1940 1349 1971; x_wconf 89' lang='lat' dir='ltr'>fuit</span> <span class='ocrx_word' id='word_1_377' title='bbox 1362 1940 1504 1971; x_wconf 89' lang='lat' dir='ltr'>intrusus</span> <span class='ocrx_word' id='word_1_378' title='bbox 1520 1939 1690 1972; x_wconf 81' lang='lat' dir='ltr'>Udalricus</span> <span class='ocrx_word' id='word_1_379' title='bbox 1711 1939 1752 1972; x_wconf 91' lang='lat' dir='ltr'>de</span> <span class='ocrx_word' id='word_1_380' title='bbox 1766 1939 2002 1982; x_wconf 81' lang='lat' dir='ltr'>Manderschid,</span> <span class='ocrx_word' id='word_1_381' title='bbox 2023 1941 2080 1984; x_wconf 88' lang='lat' dir='ltr'>qui</span> 
     </span>
     <span class='ocr_line' id='line_1_62' title="bbox 438 1990 2080 2035; baseline 0.001 -12"><span class='ocrx_word' id='word_1_382' title='bbox 438 1991 683 2024; x_wconf 81' lang='lat' dir='ltr'>lamentabiliter</span> <span class='ocrx_word' id='word_1_383' title='bbox 704 1991 862 2024; x_wconf 83' lang='lat' dir='ltr'>destruxit</span> <span class='ocrx_word' id='word_1_384' title='bbox 884 1993 1021 2035; x_wconf 85' lang='lat' dir='ltr'>patriam</span> <span class='ocrx_word' id='word_1_385' title='bbox 1038 1991 1279 2031; x_wconf 82' lang='lat' dir='ltr'>Treverensem,</span> <span class='ocrx_word' id='word_1_386' title='bbox 1295 1991 1374 2023; x_wconf 89' lang='lat' dir='ltr'>etin</span> <span class='ocrx_word' id='word_1_387' title='bbox 1397 1990 1533 2034; x_wconf 85' lang='lat' dir='ltr'>septimo</span> <span class='ocrx_word' id='word_1_388' title='bbox 1555 2001 1640 2023; x_wconf 81' lang='lat' dir='ltr'>anno</span> <span class='ocrx_word' id='word_1_389' title='bbox 1662 2002 1719 2023; x_wconf 88' lang='lat' dir='ltr'>sue</span> <span class='ocrx_word' id='word_1_390' title='bbox 1735 1991 1932 2033; x_wconf 84' lang='lat' dir='ltr'>regnationis</span> <span class='ocrx_word' id='word_1_391' title='bbox 1954 1991 2014 2025; x_wconf 82' lang='lat' dir='ltr'>fuit</span> <span class='ocrx_word' id='word_1_392' title='bbox 2034 1993 2080 2025; x_wconf 79' lang='lat' dir='ltr'>its</span> 
     </span>
     <span class='ocr_line' id='line_1_63' title="bbox 438 2042 2127 2087; baseline 0.002 -13"><span class='ocrx_word' id='word_1_393' title='bbox 438 2044 535 2076; x_wconf 87' lang='lat' dir='ltr'>miser</span> <span class='ocrx_word' id='word_1_394' title='bbox 556 2048 587 2075; x_wconf 90' lang='lat' dir='ltr'>et</span> <span class='ocrx_word' id='word_1_395' title='bbox 608 2054 733 2086; x_wconf 82' lang='lat' dir='ltr'>pauper</span> <span class='ocrx_word' id='word_1_396' title='bbox 754 2055 811 2086; x_wconf 91' lang='lat' dir='ltr'>per</span> <span class='ocrx_word' id='word_1_397' title='bbox 833 2043 1083 2075; x_wconf 79' lang='lat' dir='ltr'>ecclesiasticam</span> <span class='ocrx_word' id='word_1_398' title='bbox 1100 2054 1265 2075; x_wconf 86' lang='lat' dir='ltr'>censuram</span> <span class='ocrx_word' id='word_1_399' title='bbox 1285 2043 1416 2082; x_wconf 84' lang='lat' dir='ltr'>eiectus,</span> <span class='ocrx_word' id='word_1_400' title='bbox 1438 2053 1634 2086; x_wconf 85' lang='lat' dir='ltr'>quamquam</span> <span class='ocrx_word' id='word_1_401' title='bbox 1651 2044 1755 2086; x_wconf 81' lang='lat' dir='ltr'>patria</span> <span class='ocrx_word' id='word_1_402' title='bbox 1769 2042 1980 2075; x_wconf 87' lang='lat' dir='ltr'>Treverensis</span> <span class='ocrx_word' id='word_1_403' title='bbox 2002 2054 2079 2087; x_wconf 85' lang='lat' dir='ltr'>opu·</span> <span class='ocrx_word' id='word_1_404' title='bbox 2097 2055 2127 2077; x_wconf 76' lang='lat' dir='ltr'>ss</span> 
     </span>
     <span class='ocr_line' id='line_1_64' title="bbox 438 2094 1002 2128; baseline 0 -2"><span class='ocrx_word' id='word_1_405' title='bbox 438 2094 612 2127; x_wconf 85' lang='lat' dir='ltr'>lentissima</span> <span class='ocrx_word' id='word_1_406' title='bbox 633 2095 693 2127; x_wconf 86' lang='lat' dir='ltr'>fuit</span> <span class='ocrx_word' id='word_1_407' title='bbox 714 2096 747 2127; x_wconf 93' lang='lat' dir='ltr'>in</span> <span class='ocrx_word' id='word_1_408' title='bbox 768 2096 838 2127; x_wconf 89' lang='lat' dir='ltr'>eius</span> <span class='ocrx_word' id='word_1_409' title='bbox 860 2096 1002 2128; x_wconf 89' lang='lat' dir='ltr'>introitu.</span> 
     </span>
    </p>

    <p class='ocr_par' dir='ltr' id='par_1_30' title="bbox 438 2144 2079 2281">
     <span class='ocr_line' id='line_1_65' title="bbox 543 2144 2078 2189; baseline 0.001 -11"><span class='ocrx_word' id='word_1_410' title='bbox 543 2146 594 2178; x_wconf 82' lang='lat'>42.</span> <span class='ocrx_word' id='word_1_411' title='bbox 631 2146 743 2179; x_wconf 71' lang='lat' dir='ltr'>*Anno</span> <span class='ocrx_word' id='word_1_412' title='bbox 760 2147 892 2179; x_wconf 89' lang='lat' dir='ltr'>Domini</span> <span class='ocrx_word' id='word_1_413' title='bbox 907 2146 1077 2178; x_wconf 88' lang='lat' dir='ltr'>millesimo</span> <span class='ocrx_word' id='word_1_414' title='bbox 1093 2145 1408 2189; x_wconf 83' lang='lat' dir='ltr'>quadringentesimo</span> <span class='ocrx_word' id='word_1_415' title='bbox 1425 2145 1600 2178; x_wconf 85' lang='lat' dir='ltr'>tricesimo¹</span> <span class='ocrx_word' id='word_1_416' title='bbox 1624 2146 1728 2188; x_wconf 89' lang='lat' dir='ltr'>primo</span> <span class='ocrx_word' id='word_1_417' title='bbox 1751 2144 1898 2179; x_wconf 85' lang='lat' dir='ltr'>solvebat</span> <span class='ocrx_word' id='word_1_418' title='bbox 1919 2146 2078 2179; x_wconf 79' lang='lat' dir='ltr'>maldrum</span> 
     </span>
     <span class='ocr_line' id='line_1_66' title="bbox 439 2196 2079 2240; baseline 0.001 -11"><span class='ocrx_word' id='word_1_419' title='bbox 439 2197 577 2240; x_wconf 87' lang='lat' dir='ltr'>siliginis</span> <span class='ocrx_word' id='word_1_420' title='bbox 604 2198 624 2229; x_wconf 86' lang='lat'>9</span> <span class='ocrx_word' id='word_1_421' title='bbox 650 2203 877 2239; x_wconf 67' lang='lat' dir='ltr'>toronensesw,</span> <span class='ocrx_word' id='word_1_422' title='bbox 906 2203 939 2230; x_wconf 90' lang='lat' dir='ltr'>et</span> <span class='ocrx_word' id='word_1_423' title='bbox 966 2202 1080 2240; x_wconf 76' lang='lat' dir='ltr'>quarta</span> <span class='ocrx_word' id='word_1_424' title='bbox 1101 2197 1167 2229; x_wconf 87' lang='lat' dir='ltr'>vini</span> <span class='ocrx_word' id='word_1_425' title='bbox 1189 2197 1229 2230; x_wconf 87' lang='lat' dir='ltr'>de</span> <span class='ocrx_word' id='word_1_426' title='bbox 1258 2196 1382 2229; x_wconf 83' lang='lat' dir='ltr'>meliori</span> <span class='ocrx_word' id='word_1_427' title='bbox 1412 2202 1550 2239; x_wconf 88' lang='lat' dir='ltr'>quatuor</span> <span class='ocrx_word' id='word_1_428' title='bbox 1575 2196 1750 2238; x_wconf 86' lang='lat' dir='ltr'>hallenses,</span> <span class='ocrx_word' id='word_1_429' title='bbox 1773 2197 1836 2229; x_wconf 81' lang='lat' dir='ltr'>alia</span> <span class='ocrx_word' id='word_1_430' title='bbox 1857 2202 1922 2230; x_wconf 83' lang='lat' dir='ltr'>tres</span> <span class='ocrx_word' id='word_1_431' title='bbox 1943 2203 1976 2231; x_wconf 90' lang='lat' dir='ltr'>et</span> <span class='ocrx_word' id='word_1_432' title='bbox 1997 2197 2079 2231; x_wconf 74' lang='lat' dir='ltr'>duo·</span> 
     </span>
     <span class='ocr_line' id='line_1_67' title="bbox 438 2248 624 2281; baseline 0 -1"><span class='ocrx_word' id='word_1_433' title='bbox 438 2248 624 2281; x_wconf 75' lang='lat' dir='ltr'>hallensesn.</span> 
     </span>
    </p>

    <p class='ocr_par' dir='ltr' id='par_1_31' title="bbox 439 2299 2126 2497">
     <span class='ocr_line' id='line_1_68' title="bbox 543 2299 2126 2344; baseline 0.002 -12"><span class='ocrx_word' id='word_1_434' title='bbox 543 2300 593 2332; x_wconf 89' lang='lat'>43.</span> <span class='ocrx_word' id='word_1_435' title='bbox 630 2301 712 2332; x_wconf 90' lang='lat' dir='ltr'>Item</span> <span class='ocrx_word' id='word_1_436' title='bbox 735 2311 801 2332; x_wconf 86' lang='lat' dir='ltr'>was</span> <span class='ocrx_word' id='word_1_437' title='bbox 824 2300 875 2334; x_wconf 89' lang='lat' dir='ltr'>die</span> <span class='ocrx_word' id='word_1_438' title='bbox 898 2301 998 2333; x_wconf 86' lang='lat' dir='ltr'>Laine</span> <span class='ocrx_word' id='word_1_439' title='bbox 1021 2311 1062 2332; x_wconf 87' lang='lat' dir='ltr'>zu</span> <span class='ocrx_word' id='word_1_440' title='bbox 1091 2300 1148 2332; x_wconf 88' lang='lat' dir='ltr'>der</span> <span class='ocrx_word' id='word_1_441' title='bbox 1174 2301 1218 2332; x_wconf 85' lang='lat' dir='ltr'>zit</span> <span class='ocrx_word' id='word_1_442' title='bbox 1244 2299 1311 2332; x_wconf 88' lang='lat' dir='ltr'>also</span> <span class='ocrx_word' id='word_1_443' title='bbox 1334 2300 1438 2342; x_wconf 72' lang='lat' dir='ltr'>groiss,</span> <span class='ocrx_word' id='word_1_444' title='bbox 1467 2299 1528 2332; x_wconf 77' lang='lat' dir='ltr'>daz</span> <span class='ocrx_word' id='word_1_445' title='bbox 1550 2311 1624 2332; x_wconf 82' lang='lat' dir='ltr'>man</span> <span class='ocrx_word' id='word_1_446' title='bbox 1647 2299 1697 2332; x_wconf 83' lang='lat' dir='ltr'>uff</span> <span class='ocrx_word' id='word_1_447' title='bbox 1714 2299 1772 2332; x_wconf 86' lang='lat' dir='ltr'>der</span> <span class='ocrx_word' id='word_1_448' title='bbox 1792 2299 1907 2333; x_wconf 88' lang='lat' dir='ltr'>holzen</span> <span class='ocrx_word' id='word_1_449' title='bbox 1928 2299 2077 2344; x_wconf 85' lang='lat' dir='ltr'>brugken</span> <span class='ocrx_word' id='word_1_450' title='bbox 2096 2313 2126 2335; x_wconf 74' lang='grc' dir='ltr'>ιο</span> 
     </span>
     <span class='ocr_line' id='line_1_69' title="bbox 439 2351 2077 2394; baseline 0.001 -11"><span class='ocrx_word' id='word_1_451' title='bbox 439 2351 553 2383; x_wconf 89' lang='lat' dir='ltr'>stunde</span> <span class='ocrx_word' id='word_1_452' title='bbox 582 2351 649 2383; x_wconf 90' lang='lat' dir='ltr'>und</span> <span class='ocrx_word' id='word_1_453' title='bbox 675 2351 803 2384; x_wconf 86' lang='lat' dir='ltr'>wosehe</span> <span class='ocrx_word' id='word_1_454' title='bbox 834 2352 886 2384; x_wconf 84' lang='lat' dir='ltr'>die</span> <span class='ocrx_word' id='word_1_455' title='bbox 907 2351 1011 2384; x_wconf 91' lang='lat' dir='ltr'>hende</span> <span class='ocrx_word' id='word_1_456' title='bbox 1034 2352 1074 2394; x_wconf 77' lang='grc' dir='ltr'>ιιβ</span> <span class='ocrx_word' id='word_1_457' title='bbox 1097 2352 1153 2384; x_wconf 87' lang='lat' dir='ltr'>der</span> <span class='ocrx_word' id='word_1_458' title='bbox 1175 2351 1313 2393; x_wconf 85' lang='lat' dir='ltr'>Lainen;</span> <span class='ocrx_word' id='word_1_459' title='bbox 1336 2351 1402 2384; x_wconf 88' lang='lat' dir='ltr'>und</span> <span class='ocrx_word' id='word_1_460' title='bbox 1430 2352 1511 2394; x_wconf 86' lang='lat' dir='ltr'>ging</span> <span class='ocrx_word' id='word_1_461' title='bbox 1533 2351 1584 2394; x_wconf 71' lang='lat' dir='ltr'>biss</span> <span class='ocrx_word' id='word_1_462' title='bbox 1606 2363 1667 2384; x_wconf 85' lang='lat' dir='ltr'>ane</span> <span class='ocrx_word' id='word_1_463' title='bbox 1688 2351 1857 2384; x_wconf 86' lang='lat' dir='ltr'>Kreucher</span> <span class='ocrx_word' id='word_1_464' title='bbox 1878 2351 1988 2385; x_wconf 85' lang='lat' dir='ltr'>borne.</span> <span class='ocrx_word' id='word_1_465' title='bbox 2033 2353 2077 2386; x_wconf 87' lang='lat' dir='ltr'>So</span> 
     </span>
     <span class='ocr_line' id='line_1_70' title="bbox 440 2402 2077 2446; baseline 0.002 -12"><span class='ocrx_word' id='word_1_466' title='bbox 440 2413 505 2434; x_wconf 82' lang='lat' dir='ltr'>was</span> <span class='ocrx_word' id='word_1_467' title='bbox 527 2413 590 2434; x_wconf 92' lang='lat' dir='ltr'>von</span> <span class='ocrx_word' id='word_1_468' title='bbox 612 2403 719 2435; x_wconf 90' lang='lat' dir='ltr'>ridens</span> <span class='ocrx_word' id='word_1_469' title='bbox 741 2403 808 2445; x_wconf 87' lang='lat' dir='ltr'>folg</span> <span class='ocrx_word' id='word_1_470' title='bbox 830 2403 931 2436; x_wconf 86' lang='lat' dir='ltr'>durch</span> <span class='ocrx_word' id='word_1_471' title='bbox 955 2403 1112 2446; x_wconf 86' lang='lat' dir='ltr'>Limpurg</span> <span class='ocrx_word' id='word_1_472' title='bbox 1134 2408 1261 2446; x_wconf 83' lang='lat' dir='ltr'>quam0,</span> <span class='ocrx_word' id='word_1_473' title='bbox 1284 2407 1390 2435; x_wconf 74' lang='lat' dir='ltr'>musto</span> <span class='ocrx_word' id='word_1_474' title='bbox 1411 2414 1486 2434; x_wconf 88' lang='lat' dir='ltr'>man</span> <span class='ocrx_word' id='word_1_475' title='bbox 1508 2402 1560 2435; x_wconf 91' lang='lat' dir='ltr'>die</span> <span class='ocrx_word' id='word_1_476' title='bbox 1585 2402 1706 2446; x_wconf 86' lang='lat' dir='ltr'>pherde</span> <span class='ocrx_word' id='word_1_477' title='bbox 1728 2414 1902 2436; x_wconf 85' lang='lat' dir='ltr'>swemmen</span> <span class='ocrx_word' id='word_1_478' title='bbox 1930 2403 2077 2438; x_wconf 85' lang='lat' dir='ltr'>beneben</span> 
     </span>
     <span class='ocr_line' id='line_1_71' title="bbox 439 2453 1602 2497; baseline 0.001 -12"><span class='ocrx_word' id='word_1_479' title='bbox 439 2453 502 2486; x_wconf 88' lang='lat' dir='ltr'>den</span> <span class='ocrx_word' id='word_1_480' title='bbox 524 2454 675 2486; x_wconf 87' lang='lat' dir='ltr'>schieffen</span> <span class='ocrx_word' id='word_1_481' title='bbox 697 2455 749 2497; x_wconf 72' lang='lat' dir='ltr'>biss</span> <span class='ocrx_word' id='word_1_482' title='bbox 773 2455 824 2487; x_wconf 89' lang='lat' dir='ltr'>bie</span> <span class='ocrx_word' id='word_1_483' title='bbox 846 2455 898 2487; x_wconf 91' lang='lat' dir='ltr'>die</span> <span class='ocrx_word' id='word_1_484' title='bbox 920 2454 1033 2497; x_wconf 84' lang='lat' dir='ltr'>brugh.</span> <span class='ocrx_word' id='word_1_485' title='bbox 1078 2454 1144 2487; x_wconf 79' lang='lat' dir='ltr'>Grot</span> <span class='ocrx_word' id='word_1_486' title='bbox 1165 2454 1248 2497; x_wconf 85' lang='lat' dir='ltr'>gebe</span> <span class='ocrx_word' id='word_1_487' title='bbox 1269 2465 1330 2486; x_wconf 91' lang='lat' dir='ltr'>uns</span> <span class='ocrx_word' id='word_1_488' title='bbox 1351 2453 1448 2497; x_wconf 71' lang='lat' dir='ltr'>besser</span> <span class='ocrx_word' id='word_1_489' title='bbox 1467 2454 1602 2497; x_wconf 84' lang='lat' dir='ltr'>gelugh!</span> 
     </span>
    </p>

    <p class='ocr_par' dir='ltr' id='par_1_32' title="bbox 438 2505 2124 2652">
     <span class='ocr_line' id='line_1_72' title="bbox 545 2505 2078 2549; baseline 0.003 -12"><span class='ocrx_word' id='word_1_490' title='bbox 545 2506 639 2538; x_wconf 91' lang='lat' dir='ltr'>Anno</span> <span class='ocrx_word' id='word_1_491' title='bbox 662 2506 794 2538; x_wconf 91' lang='lat' dir='ltr'>Domini</span> <span class='ocrx_word' id='word_1_492' title='bbox 817 2506 987 2539; x_wconf 89' lang='lat' dir='ltr'>millesimo</span> <span class='ocrx_word' id='word_1_493' title='bbox 1009 2506 1324 2549; x_wconf 86' lang='lat' dir='ltr'>quadringentesimo</span> <span class='ocrx_word' id='word_1_494' title='bbox 1345 2506 1396 2538; x_wconf 86' lang='lat'>31.</span> <span class='ocrx_word' id='word_1_495' title='bbox 1419 2509 1506 2538; x_wconf 86' lang='lat' dir='ltr'>stunt</span> <span class='ocrx_word' id='word_1_496' title='bbox 1532 2516 1606 2537; x_wconf 87' lang='lat' dir='ltr'>man</span> <span class='ocrx_word' id='word_1_497' title='bbox 1635 2506 1682 2538; x_wconf 86' lang='lat' dir='ltr'>off</span> <span class='ocrx_word' id='word_1_498' title='bbox 1705 2506 1763 2538; x_wconf 88' lang='lat' dir='ltr'>der</span> <span class='ocrx_word' id='word_1_499' title='bbox 1792 2505 1904 2539; x_wconf 85' lang='lat' dir='ltr'>holzen</span> <span class='ocrx_word' id='word_1_500' title='bbox 1932 2506 2078 2541; x_wconf 80' lang='lat' dir='ltr'>bruoken</span> 
     </span>
     <span class='ocr_line' id='line_1_73' title="bbox 439 2557 2124 2602; baseline 0.003 -13"><span class='ocrx_word' id='word_1_501' title='bbox 439 2557 505 2589; x_wconf 84' lang='lat' dir='ltr'>und</span> <span class='ocrx_word' id='word_1_502' title='bbox 526 2569 650 2589; x_wconf 88' lang='lat' dir='ltr'>wossen</span> <span class='ocrx_word' id='word_1_503' title='bbox 672 2557 723 2589; x_wconf 89' lang='lat' dir='ltr'>die</span> <span class='ocrx_word' id='word_1_504' title='bbox 745 2557 848 2590; x_wconf 82' lang='lat' dir='ltr'>hende</span> <span class='ocrx_word' id='word_1_505' title='bbox 870 2558 910 2600; x_wconf 75' lang='grc' dir='ltr'>ιιβ</span> <span class='ocrx_word' id='word_1_506' title='bbox 932 2557 990 2590; x_wconf 88' lang='lat' dir='ltr'>der</span> <span class='ocrx_word' id='word_1_507' title='bbox 1010 2557 1121 2599; x_wconf 85' lang='lat' dir='ltr'>Laine,</span> <span class='ocrx_word' id='word_1_508' title='bbox 1143 2557 1211 2590; x_wconf 85' lang='lat' dir='ltr'>also</span> <span class='ocrx_word' id='word_1_509' title='bbox 1233 2557 1342 2600; x_wconf 67' lang='lat' dir='ltr'>groifie</span> <span class='ocrx_word' id='word_1_510' title='bbox 1364 2568 1429 2589; x_wconf 79' lang='lat' dir='ltr'>was</span> <span class='ocrx_word' id='word_1_511' title='bbox 1451 2558 1508 2598; x_wconf 80' lang='lat' dir='ltr'>sie,</span> <span class='ocrx_word' id='word_1_512' title='bbox 1536 2557 1604 2589; x_wconf 89' lang='lat' dir='ltr'>und</span> <span class='ocrx_word' id='word_1_513' title='bbox 1624 2559 1725 2600; x_wconf 69' lang='lat' dir='ltr'>gingv</span> <span class='ocrx_word' id='word_1_514' title='bbox 1748 2558 1800 2602; x_wconf 70' lang='lat' dir='ltr'>biss</span> <span class='ocrx_word' id='word_1_515' title='bbox 1827 2570 1888 2592; x_wconf 83' lang='lat' dir='ltr'>ane</span> <span class='ocrx_word' id='word_1_516' title='bbox 1909 2559 2078 2594; x_wconf 85' lang='lat' dir='ltr'>Kreucher</span> <span class='ocrx_word' id='word_1_517' title='bbox 2094 2572 2124 2593; x_wconf 71' lang='grc' dir='ltr'><strong>ω</strong></span> 
     </span>
     <span class='ocr_line' id='line_1_74' title="bbox 438 2608 893 2652; baseline 0.002 -12"><span class='ocrx_word' id='word_1_518' title='bbox 438 2608 519 2640; x_wconf 85' lang='lat' dir='ltr'>born</span> <span class='ocrx_word' id='word_1_519' title='bbox 540 2608 606 2640; x_wconf 89' lang='lat' dir='ltr'>und</span> <span class='ocrx_word' id='word_1_520' title='bbox 628 2608 766 2651; x_wconf 87' lang='lat' dir='ltr'>heiligen</span> <span class='ocrx_word' id='word_1_521' title='bbox 788 2609 893 2652; x_wconf 86' lang='lat' dir='ltr'>stogk.</span> 
     </span>
    </p>

    <p class='ocr_par' dir='ltr' id='par_1_33' title="bbox 543 2659 2074 2705">
     <span class='ocr_line' id='line_1_75' title="bbox 543 2659 2074 2705; baseline 0.003 -13"><span class='ocrx_word' id='word_1_522' title='bbox 543 2661 595 2693; x_wconf 87' lang='lat'>44.</span> <span class='ocrx_word' id='word_1_523' title='bbox 631 2659 726 2692; x_wconf 90' lang='lat' dir='ltr'>Anno</span> <span class='ocrx_word' id='word_1_524' title='bbox 741 2660 874 2692; x_wconf 90' lang='lat' dir='ltr'>Domini</span> <span class='ocrx_word' id='word_1_525' title='bbox 895 2660 1066 2693; x_wconf 87' lang='lat' dir='ltr'>millesimo</span> <span class='ocrx_word' id='word_1_526' title='bbox 1083 2660 1399 2704; x_wconf 85' lang='lat' dir='ltr'>quadringentesimo</span> <span class='ocrx_word' id='word_1_527' title='bbox 1414 2660 1574 2693; x_wconf 85' lang='lat' dir='ltr'>tricesimo</span> <span class='ocrx_word' id='word_1_528' title='bbox 1589 2660 1741 2703; x_wconf 86' lang='lat' dir='ltr'>secund0‚</span> <span class='ocrx_word' id='word_1_529' title='bbox 1765 2666 1909 2705; x_wconf 82' lang='lat' dir='ltr'>tempore</span> <span class='ocrx_word' id='word_1_530' title='bbox 1923 2662 2074 2696; x_wconf 61' lang='lat' dir='ltr'>hiemali*</span> 
     </span>
    </p>
   </div>
   <div class='ocr_carea' id='block_1_26' title="bbox 438 2755 2120 2885">
    <p class='ocr_par' dir='ltr' id='par_1_34' title="bbox 438 2755 2120 2885">
     <span class='ocr_line' id='line_1_76' title="bbox 550 2755 2073 2790; baseline 0.002 -10"><span class='ocrx_word' id='word_1_531' title='bbox 550 2755 579 2788; x_wconf 91' lang='lat' dir='ltr'>a)</span> <span class='ocrx_word' id='word_1_532' title='bbox 599 2758 703 2781; x_wconf 58' lang='lat' dir='ltr'>moesta</span> <span class='ocrx_word' id='word_1_533' title='bbox 716 2756 754 2781; x_wconf 66' lang='lat' dir='ltr'>hs.</span> <span class='ocrx_word' id='word_1_534' title='bbox 811 2755 841 2788; x_wconf 92' lang='lat' dir='ltr'>b)</span> <span class='ocrx_word' id='word_1_535' title='bbox 854 2756 914 2789; x_wconf 82' lang='lat' dir='ltr'>flor5</span> <span class='ocrx_word' id='word_1_536' title='bbox 929 2756 967 2782; x_wconf 81' lang='lat' dir='ltr'>hs.</span> <span class='ocrx_word' id='word_1_537' title='bbox 1025 2756 1051 2790; x_wconf 87' lang='lat' dir='ltr'>c)</span> <span class='ocrx_word' id='word_1_538' title='bbox 1071 2757 1202 2789; x_wconf 86' lang='lat' dir='ltr'>generalis</span> <span class='ocrx_word' id='word_1_539' title='bbox 1217 2756 1254 2782; x_wconf 63' lang='lat'>12⁶.</span> <span class='ocrx_word' id='word_1_540' title='bbox 1313 2756 1342 2789; x_wconf 78' lang='lat' dir='ltr'>d)</span> <span class='ocrx_word' id='word_1_541' title='bbox 1359 2757 1499 2782; x_wconf 78' lang='lat' dir='ltr'>ebdomadi</span> <span class='ocrx_word' id='word_1_542' title='bbox 1516 2757 1555 2782; x_wconf 74' lang='lat' dir='ltr'>hs.</span> <span class='ocrx_word' id='word_1_543' title='bbox 1611 2757 1638 2790; x_wconf 80' lang='lat' dir='ltr'>e)</span> <span class='ocrx_word' id='word_1_544' title='bbox 1659 2758 1785 2783; x_wconf 85' lang='lat' dir='ltr'>exercitui</span> <span class='ocrx_word' id='word_1_545' title='bbox 1799 2758 1838 2783; x_wconf 79' lang='lat' dir='ltr'>Iu.</span> <span class='ocrx_word' id='word_1_546' title='bbox 1893 2758 1915 2790; x_wconf 82' lang='lat' dir='ltr'>f)</span> <span class='ocrx_word' id='word_1_547' title='bbox 1934 2758 2022 2784; x_wconf 84' lang='lat' dir='ltr'>diotic&#39;</span> <span class='ocrx_word' id='word_1_548' title='bbox 2035 2759 2073 2785; x_wconf 76' lang='lat' dir='ltr'>Iu.</span> 
     </span>
     <span class='ocr_line' id='line_1_77' title="bbox 438 2801 2074 2838; baseline 0.002 -12"><span class='ocrx_word' id='word_1_549' title='bbox 438 2801 469 2834; x_wconf 82' lang='lat' dir='ltr'>g)</span> <span class='ocrx_word' id='word_1_550' title='bbox 496 2802 633 2834; x_wconf 50' lang='lat' dir='ltr'>archiffius</span> <span class='ocrx_word' id='word_1_551' title='bbox 655 2802 694 2827; x_wconf 71' lang='lat' dir='ltr'>hs.</span> <span class='ocrx_word' id='word_1_552' title='bbox 774 2801 804 2834; x_wconf 88' lang='lat' dir='ltr'>h)</span> <span class='ocrx_word' id='word_1_553' title='bbox 825 2805 889 2835; x_wconf 91' lang='lat' dir='ltr'>quot</span> <span class='ocrx_word' id='word_1_554' title='bbox 907 2802 946 2827; x_wconf 75' lang='lat' dir='ltr'>he.</span> <span class='ocrx_word' id='word_1_555' title='bbox 1028 2801 1049 2834; x_wconf 90' lang='lat' dir='ltr'>i)</span> <span class='ocrx_word' id='word_1_556' title='bbox 1069 2803 1188 2828; x_wconf 86' lang='lat' dir='ltr'>secunda</span> <span class='ocrx_word' id='word_1_557' title='bbox 1213 2803 1295 2828; x_wconf 86' lang='lat' dir='ltr'>missa</span> <span class='ocrx_word' id='word_1_558' title='bbox 1313 2802 1352 2828; x_wconf 74' lang='lat' dir='ltr'>lu.</span> <span class='ocrx_word' id='word_1_559' title='bbox 1427 2802 1458 2835; x_wconf 83' lang='lat' dir='ltr'>k)</span> <span class='ocrx_word' id='word_1_560' title='bbox 1478 2802 1611 2828; x_wconf 80' lang='lat' dir='ltr'>Iohannes</span> <span class='ocrx_word' id='word_1_561' title='bbox 1630 2803 1669 2829; x_wconf 71' lang='lat' dir='ltr'>he.</span> <span class='ocrx_word' id='word_1_562' title='bbox 1746 2803 1769 2835; x_wconf 86' lang='lat'>1)</span> <span class='ocrx_word' id='word_1_563' title='bbox 1788 2804 2006 2838; x_wconf 72' lang='lat' dir='ltr'>quinquagesimo</span> <span class='ocrx_word' id='word_1_564' title='bbox 2030 2813 2074 2830; x_wconf 79' lang='lat' dir='ltr'>am</span> 
     </span>
     <span class='ocr_line' id='line_1_78' title="bbox 438 2847 2120 2885; baseline 0.002 -13"><span class='ocrx_word' id='word_1_565' title='bbox 438 2847 509 2874; x_wconf 80' lang='lat' dir='ltr'>rand</span> <span class='ocrx_word' id='word_1_566' title='bbox 529 2847 567 2874; x_wconf 74' lang='lat' dir='ltr'>ks.</span> <span class='ocrx_word' id='word_1_567' title='bbox 642 2850 681 2880; x_wconf 80' lang='lat' dir='ltr'>m)</span> <span class='ocrx_word' id='word_1_568' title='bbox 700 2850 751 2880; x_wconf 58' lang='grc' dir='ltr'>τοι]</span> <span class='ocrx_word' id='word_1_569' title='bbox 772 2847 810 2873; x_wconf 74' lang='lat' dir='ltr'>hs.</span> <span class='ocrx_word' id='word_1_570' title='bbox 885 2847 915 2881; x_wconf 91' lang='lat' dir='ltr'>n)</span> <span class='ocrx_word' id='word_1_571' title='bbox 934 2848 1065 2874; x_wconf 89' lang='lat' dir='ltr'>hellenses</span> <span class='ocrx_word' id='word_1_572' title='bbox 1085 2848 1123 2875; x_wconf 75' lang='lat' dir='ltr'>hs.</span> <span class='ocrx_word' id='word_1_573' title='bbox 1199 2848 1228 2881; x_wconf 91' lang='lat' dir='ltr'>o)</span> <span class='ocrx_word' id='word_1_574' title='bbox 1240 2849 1267 2881; x_wconf 82' lang='lat' dir='ltr'>s.</span> <span class='ocrx_word' id='word_1_575' title='bbox 1286 2848 1325 2873; x_wconf 76' lang='lat' dir='ltr'>hs.</span> <span class='ocrx_word' id='word_1_576' title='bbox 1399 2849 1428 2883; x_wconf 85' lang='lat' dir='ltr'>p)</span> <span class='ocrx_word' id='word_1_577' title='bbox 1447 2849 1529 2881; x_wconf 78' lang='lat' dir='ltr'>ginffh</span> <span class='ocrx_word' id='word_1_578' title='bbox 1549 2849 1587 2874; x_wconf 78' lang='lat' dir='ltr'>hs.</span> <span class='ocrx_word' id='word_1_579' title='bbox 1662 2849 1691 2883; x_wconf 86' lang='lat' dir='ltr'>q)</span> <span class='ocrx_word' id='word_1_580' title='bbox 1710 2849 1838 2885; x_wconf 77' lang='lat' dir='ltr'>hyemalis</span> <span class='ocrx_word' id='word_1_581' title='bbox 1857 2850 1896 2878; x_wconf 72' lang='grc' dir='ltr'>Ῑιο,</span> <span class='ocrx_word' id='word_1_582' title='bbox 2092 2852 2120 2876; x_wconf 66' lang='grc' dir='ltr'>ΒΟ</span> 
     </span>
    </p>
   </div>
  </div>
 </body>
</html>
