2274 3184
365 347 374 365 1

378 346 427 370 ³5⁷,

463 232 522 263 112
795 231 864 259 DIE
887 229 1117 258 LIMBURGER
1141 230 1328 260 CHRONIK.
1373 229 1548 258 DRITTER
1571 227 1746 256 ANHANG.

569 323 615 354 10.
652 322 733 354 Item
755 321 788 352 in
811 319 923 351 eodem
945 324 1059 360 anno',
1082 325 1195 362 quarto
1218 319 1294 352 Idus
1317 319 1483 351 Februarii
1507 318 1591 350 eirca
1613 317 1784 349 serotinam
1809 326 1999 360 campanam
2021 317 2091 348 visa

335 376 393 395 ¹⁰¹³*
410 376 443 394 ¹⁰·
462 379 537 407 sunt
557 373 683 415 fulgura
705 377 736 404 et
757 371 867 403 audita
888 371 1027 402 tonitrua
1049 382 1166 413 magna
1187 376 1219 403 et
1239 370 1412 403 horribilia.

291 406 443 468 hafflig&-
570 426 617 457 11.
653 423 748 455 Anno
763 422 895 454 Domini
911 421 1078 454 millesimo
1101 423 1316 455 tricentesimo
1338 423 1389 454 60.
1405 422 1526 464 quinto,
1549 422 1634 452 circa
1655 420 1771 452 festum
1793 419 1968 451 nativitatis
1990 419 2091 450 sancti

292 504 310 523 L
325 474 443 523 εζξῖξζζ
463 476 633 509 Iohannisb
649 475 785 517 baptiste
801 478 868 505 erat
882 474 1043 504 maximus
1058 474 1230 514 exercitus,
1245 474 1300 517 qui
1316 473 1434 505 dicitur
1447 472 1578 515 grandis
1594 473 1739 512 societas,
1751 472 1783 503 in
1795 470 1940 514 partibus
1955 469 2092 510 Alsacie,

314 520 317 523 ¹
463 533 494 560 et
515 528 575 559 hoc
597 538 698 569 prope
721 525 930 567 Argentinam
953 529 984 556 ct
1005 524 1152 567 partibus
1175 524 1463 557 circumstantibus.
2111 533 2125 554 ι

293 609 311 628 L
327 578 443 628 chrtffgg·
570 579 618 610 12.
655 578 733 609 Item
758 577 789 607 in
812 575 925 607 eodem
947 586 1030 607 anno
1053 580 1121 607 erat
1142 577 1241 608 tercia
1262 575 1451 618 pestilencia
1474 581 1506 608 et
1527 576 1668 607 minima.

315 624 318 628 ’
379 623 442 666 136⁷:
570 631 616 661 13.
654 629 747 659 Anno
771 628 902 659 Domini
932 626 1098 659 millesimo
1127 628 1342 660 tricentesimo
1370 628 1570 670 sexagesimo
1600 627 1737 669 septimo
1766 623 1909 657 solvebat
1936 622 2093 656 maldrum

292 675 442 697 L.ehr.c.‘15.

360 800 390 821 ⁸f.
408 802 442 821 10.

379 831 442 850 1³67.

291 862 316 881 L.
324 861 371 881 chr.
378 867 397 880 c.
406 861 440 880 74.

364 1000 427 1024 1³6⁷,

346 1030 391 1055 Juli
408 1030 442 1049 31.

291 1060 390 1081 L.chr.c
406 1060 441 1079 76.

346 1207 374 1228 Ἶ-

392 1209 441 1228 807.

292 1238 442 1289 μὼζῗζζζ
462 1257 531 1278 rum
555 1246 641 1278 circa
663 1245 819 1288 Limpurg
841 1250 872 1277 et
893 1245 925 1276 in
949 1245 1096 1277 omnibus
1118 1244 1236 1276 finibus
1257 1250 1349 1285 terre,
1372 1245 1417 1276 ita
1437 1244 1524 1288 quod
1540 1244 1683 1276 homines
1705 1248 1826 1277 stantes
1847 1254 1946 1286 supra
1965 1247 2095 1286 pontem

381 1467 394 1486 s.
410 1468 443 1486 10.

366 1497 429 1521 1³⁷9,

362 1528 405 1547 oct.
423 1527 443 1546 ’1.

380 1621 444 1641 1883.

294 1652 382 1672 nenne

353 1716 381 1737 Τ.

385 1651 443 1671 ,lah

401 1718 443 1738 10¹.

366 1747 430 1772 1³9⁶,
632 1761 638 1768 .
791 1760 798 1767 .
955 1760 961 1767 .
1036 1760 1043 1766 .
1255 1760 1262 1767 .
1370 1759 1376 1766 .
1491 1758 1498 1766 .
1525 1759 1532 1766 .
1730 1758 1737 1766 .
1774 1758 1782 1765 .
1850 1759 1858 1766 .

354 1779 397 1796 ο...
411 1778 445 1797 22,
465 1766 513 1793 est
534 1762 584 1793 22.
607 1761 676 1793 dies
698 1771 816 1792 menels
829 1759 990 1800 Octobris,
1013 1771 1082 1791 visa
1103 1759 1233 1792 fuerunt
1253 1771 1287 1791 m
1309 1769 1398 1791 cuna
1413 1758 1533 1791 domim
1550 1758 1756 1791 Treverensis
1773 1769 1806 1790 m
1820 1757 1978 1802 Limpurg
1998 1757 2098 1801 stage,

313 1926 378 1981 1³95}

344 1986 368 2005 L.

331 2016 381 2035 202.

366 2132 380 2151 f.

395 1926 445 1946 307.

392 1956 445 1976 mal.

386 1986 431 2005 chr.

398 2015 447 2035 185.

390 2132 447 2151 306'.

385 2162 449 2182 1401.

371 2242 434 2265 1406,

344 2276 396 2291 nov.
415 2271 449 2291 1⁷.

374 2388 388 2407 t.

408 2388 450 2407 10‘.

463 681 598 723 siliginis
621 680 762 722 quinque
784 678 902 710 libras⁶
924 677 1112 711 hallensium
1135 690 1208 711 cum
1237 679 1361 712 duobus
1383 680 1502 721 grossis
1530 689 1676 710 mensure
1699 676 1943 720 Limpurgensis
1965 680 1998 708 et
2018 674 2094 707 mal-

461 734 553 765 drum
575 743 675 763 avene
698 736 762 762 tres
784 730 901 762 libras⁰
923 729 1120 762 hallensium.

567 783 614 814 14.
652 782 754 814 *Item
777 781 890 813 eodem
913 792 998 813 anno
1020 792 1105 824 papa
1126 781 1277 814 Urbanus
1300 782 1432 824 quintus
1453 786 1485 813 et
1506 780 1646 813 Karulus
1668 781 1844 823 imperator
1865 779 2094 818 Romanorum,
2114 790 2142 810 ιο

461 847 518 868 rex
534 833 696 873 Bohemie,
720 844 752 865 se
776 834 917 864 maximo
940 833 1083 865 exercitu
1098 832 1326 865 transtulerunt
1340 833 1381 864 ad
1398 832 1623 865 debellandum
1639 831 1823 875 superbiam
1838 831 1960 863 domini
1975 829 2094 862 Medio-

461 886 577 918 lensisd
600 891 632 917 et
652 884 787 916 aliorum
809 884 1010 916 dominorum
1035 883 1211 924 rebellium,
1242 895 1323 927 quos
1345 885 1556 916 domaverunt
1581 883 1623 915 ad
1645 883 1845 916 faciendum⁶
1868 893 1958 915 suam
1981 881 2094 914 volun-

461 942 567 970 tatem.
612 937 655 968 Et
677 937 820 979 ipsorum
842 935 981 979 populus
1003 940 1051 968 est
1073 936 1237 968 estimatus
1259 940 1385 968 centum
1408 935 1497 968 milia
1518 936 1671 979 equitum.

569 990 615 1020 15.
652 988 690 1020 In
719 987 832 1020 eodem
860 998 962 1028 anno,
990 987 1023 1018 in
1044 986 1155 1029 vigilia
1176 987 1264 1019 Petri
1293 987 1335 1019 ad
1362 986 1489 1019 vincula
1510 986 1626 1020 nobilis
1649 987 1698 1018 vir
1719 985 1906 1019 domicellus
1928 985 2096 1024 Iohannes,

460 1041 543 1072 filius
566 1040 691 1072 comitis
713 1038 753 1070 de
774 1039 905 1080 Dietze‚
934 1038 1119 1071 interfectus
1147 1043 1196 1070 est
1222 1039 1254 1070 in
1283 1038 1412 1071 castello
1437 1039 1524 1071 Dern
1552 1050 1572 1070 a
1599 1039 1719 1071 barone
1749 1037 1788 1070 de
1812 1038 1930 1077 Derne,
1955 1041 1988 1069 et
2007 1035 2094 1068 idem
2116 1046 2144 1067 1⁶

462 1092 663 1124 Friedericus
686 1091 763 1122 baro
786 1096 899 1133 captus
922 1095 954 1122 et
975 1102 1033 1133 per
1053 1090 1248 1122 sentenciam
1272 1090 1304 1121 in
1319 1090 1530 1122 Reckenforst
1553 1089 1727 1122 decollatus
1749 1089 1823 1122 est‘.
1867 1088 1968 1121 Cuius
1989 1087 2098 1119 anima

461 1144 642 1186 requiescat
663 1143 695 1174 in
718 1142 814 1185 pace!
857 1142 901 1174 Et
922 1141 974 1173 ille
998 1141 1238 1184 prenominatus
1261 1141 1340 1174 baro
1362 1141 1505 1184 sepultus
1527 1147 1576 1174 est
1596 1141 1638 1174 ad
1660 1141 1801 1173 Minores
1822 1140 1856 1172 in
1878 1140 2046 1183 Limpurg.

570 1196 618 1227 16.
654 1195 769 1225 'Anno
785 1193 917 1225 Domini
939 1192 1107 1225 millesimo
1129 1193 1345 1224 tricentesimo
1369 1193 1418 1225 70.
1441 1194 1540 1225 tercio
1562 1193 1623 1225 fuit
1645 1198 1732 1225 tanta
1752 1191 1979 1224 habundancia
1999 1201 2097 1234 aqua-

462 1297 603 1340 ligneum
626 1297 731 1328 circae
754 1301 883 1339 pontem
906 1295 1068 1338 lapideum
1091 1297 1124 1328 in
1147 1296 1243 1339 opido
1266 1296 1423 1339 Limpurg
1445 1296 1594 1328 lavabant
1614 1306 1728 1328 manus
1750 1306 1825 1328 suas
1846 1295 1880 1327 in
1900 1295 2044 1337 Logana,
2066 1297 2098 1326 et
2116 1303 2145 1324 ιο

463 1360 572 1381 omnes
595 1348 773 1380 molendine
790 1348 881 1391 quasi
896 1347 1023 1379 fuerunt
1037 1347 1198 1380 destructe
1206 1348 1230 1388 ¹¹,
1253 1348 1339 1390 quod
1354 1348 1411 1379 vix
1426 1347 1563 1386 molares
1579 1346 1703 1389 lapides
1717 1351 1937 1379 remanserant
1952 1349 2098 1378 cessante

462 1400 592 1432 diluvio.

571 1451 618 1483 17.
654 1451 736 1484 Item
758 1451 791 1482 in
814 1461 898 1482 anno
920 1450 1052 1482 Domini
1075 1449 1242 1481 millesimo
1264 1450 1480 1482 tricentesimo
1503 1450 1554 1482 70.
1576 1460 1672 1491 nono,
1693 1450 1726 1482 in
1748 1450 1831 1482 festo
1846 1449 1930 1482 Serii
1951 1453 1984 1481 et
1997 1446 2099 1480 Baebi

463 1502 655 1535 conbustum
677 1508 726 1535 est
739 1502 941 1535 refectorium
958 1501 1159 1534 dominorum
1182 1502 1215 1533 in
1235 1501 1391 1544 Limpurg
1413 1507 1445 1534 et
1466 1501 1574 1544 plures
1595 1501 1717 1533 fructus
1738 1511 1812 1532 cum
1835 1511 1884 1542 eo,
1905 1505 1938 1533 et
1958 1500 2020 1532 hoc
2041 1510 2100 1542 per

463 1555 673 1597 neglienciam
695 1559 728 1586 et
749 1553 927 1586 illacionem
951 1554 1238 1596 campanariorum.
2119 1562 2147 1582 ss

570 1607 617 1638 18.
655 1606 748 1638 Anno
772 1605 905 1637 Domini
927 1604 1095 1636 millesimo
1117 1605 1333 1637 tricentesimo
1355 1604 1406 1637 80.
1428 1603 1543 1636 tercioi
1570 1603 1758 1647 pestilencia
1785 1603 1932 1647 regnavit
1957 1603 1991 1635 in
2013 1602 2099 1635 Lim·

463 1669 546 1700 purg
569 1658 612 1690 ita
634 1657 784 1696 maxime,
807 1656 893 1699 quod
915 1656 1019 1698 magis
1041 1667 1138 1698 quam
1163 1657 1245 1688 1300
1267 1655 1410 1688 homines
1433 1654 1679 1690 moriebantur¹.
2070 1692 2078 1699 ,

572 1711 620 1742 19.
657 1710 770 1741 ‘Anno
793 1708 926 1740 Domini
948 1707 1117 1740 millesimo
1139 1707 1355 1740 tricentesimo
1376 1707 1585 1749 nonagesimo
1607 1711 1710 1747 sexto,
1731 1707 1804 1750 ipso
1825 1706 1878 1739 die
1894 1706 2016 1747 Severi,
2036 1715 2099 1749 que

465 1813 648 1855 wulgar-iter
668 1819 818 1855 erppern‚
840 1811 988 1844 recencia
1009 1817 1041 1843 et
1062 1816 1207 1843 recenter
1221 1811 1255 1843 in
1270 1821 1385 1853 campo
1407 1809 1577 1843 recollecta
1598 1810 1640 1842 ad
1661 1810 1882 1854 quantitatem,
1904 1820 1967 1853 que
1988 1809 2046 1842 vix
2065 1809 2100 1842 in
2118 1819 2148 1841 ιο

465 1876 561 1896 manu
584 1875 647 1895 una
670 1867 842 1906 potuerunt
864 1863 974 1895 teneri.
2058 1890 2065 1897 ‚

569 1916 619 1947 20.
657 1915 752 1947 Anno
767 1915 901 1946 Domini
916 1913 1083 1946 millesimo
1098 1914 1314 1946 tricentesimo
1329 1914 1538 1956 nonagesimo
1553 1914 1700 1957 septimo,
1722 1918 1866 1956 tempore
1888 1912 1966 1945 Maii
1986 1911 2099 1944 florue-

465 1973 539 1999 runt
561 1966 656 1999 blada
678 1966 773 1998 simul
795 1972 827 1998 et
849 1965 942 2006 botri,
964 1971 996 1997 et
1017 1965 1130 1997 eodem
1152 1970 1295 2008 tempore
1317 1965 1376 1998 fuit
1397 1976 1515 2008 magna
1536 1964 1739 2008 pestilencia,
1767 1970 1800 1998 et
1824 1965 1859 1997 in
1887 1974 1996 1997 mense
2019 1962 2100 1996 lulio

466 2018 578 2050 eodem
600 2029 685 2051 anno
707 2018 827 2050 inventi
849 2021 924 2049 sunt
944 2016 1027 2049 botri
1050 2017 1175 2049 maturi.

570 2070 620 2102 21.
657 2069 780 2101 Eodem
802 2080 886 2101 anno
909 2068 988 2101 obiit
1011 2069 1182 2101 cometissa
1202 2068 1384 2101 Dicensis².
2119 2077 2149 2099 ιι

570 2122 619 2156 22.
658 2121 751 2152 Anno
780 2121 911 2152 Domini
941 2119 1110 2152 millesimo
1143 2119 1459 2163 quadringentesimo
1491 2120 1595 2163 primo
1627 2120 1707 2152 obiit
1738 2120 1771 2152 in
1803 2123 1907 2152 castro
1940 2118 2100 2152 secunde⁸

467 2172 634 2205 domicella
657 2172 752 2205 Clara
773 2172 813 2204 de
835 2172 1002 2214 Limpurg,
1025 2182 1087 2214 que
1108 2171 1169 2204 fuit
1190 2171 1296 2214 puella
1320 2173 1360 2205 14
1381 2182 1537 2204 annorum
1545 2177 1569 2204 ⁴.

573 2225 623 2257 23.
661 2224 754 2255 Anno
782 2223 914 2255 Domini
944 2222 1112 2255 millesimo
1141 2222 1455 2266 quadringentesimo
1487 2228 1594 2265 sexto,
1623 2223 1657 2255 in
1685 2222 1737 2255 die
1765 2223 1868 2255 sancti
1891 2221 2013 2254 Florini
2040 2222 2103 2255 fuit

469 2280 582 2318 captus
610 2275 768 2308 Iohannes
797 2286 905 2307 comes
933 2274 974 2306 de
997 2274 1124 2316 Solmess
1153 2279 1185 2307 et
1211 2285 1307 2318 quam
1336 2275 1442 2318 plures
1471 2276 1622 2318 armigeri
1649 2286 1758 2307 secum
1787 2286 1846 2318 per
1866 2274 2046 2306 officiatos*
2069 2278 2102 2306 et

469 2327 637 2359 servitores
661 2327 782 2359 domini
805 2326 974 2359 Wernheri
994 2325 1246 2369 archiepiscopi*
1269 2326 1475 2360 Treverensis
1484 2332 1506 2359 ⁵.
2118 2339 2149 2360 ιο

572 2378 622 2410 24.
659 2378 752 2411 Anno
775 2379 909 2410 Domini
931 2376 1099 2409 millesimo
1129 2377 1443 2420 quadringentesimo
1471 2384 1563 2411 sexto
1592 2377 1768 2410 secundum
1797 2377 1903 2410 stilum
1925 2377 2101 2410 Treveren·

578 2458 606 2492 a)
628 2460 697 2484 1358
716 2469 767 2487 rec.
788 2461 813 2486 Β
832 2470 853 2485 c.
875 2461 899 2485 7.
954 2459 984 2491 b)
1003 2459 1138 2485 Iohannes
1157 2459 1195 2484 hs.
1253 2460 1278 2492 c)
1297 2460 1378 2486 libros
1398 2460 1436 2486 hs.
1494 2460 1523 2494 d)
1542 2460 1728 2486 Mediolenssis
1748 2459 1787 2485 lu.
1843 2459 1870 2491 e)
1890 2459 2041 2485 faciendam
2060 2459 2099 2485 ho.

468 2504 490 2535 f)
502 2504 529 2537 f.
544 2505 581 2530 hs.
637 2505 667 2537 g)
686 2514 714 2531 σο
728 2506 926 2536 hs.;viel1eicht
938 2506 1011 2531 citra.
1068 2505 1098 2538 h)
1118 2506 1243 2531 distructo
1257 2505 1295 2531 hs.
1351 2505 1374 2539 i)
1394 2515 1443 2540 qs.
1458 2515 1479 2532 2.
1494 2507 1531 2532 ha.
1588 2505 1619 2539 k)
1639 2506 1750 2539 officiatj
1765 2506 1803 2531 hs.
1859 2504 1882 2539 l)
1902 2505 2041 2539 trebie—1332
2059 2505 2098 2531 lu.

577 2572 604 2608 l)
628 2573 705 2606 Hier,
728 2574 779 2600 wie
800 2574 890 2600 Limb.
913 2573 1007 2600 chron.
1032 2583 1054 2600 c.
1080 2573 1096 2600 5
1119 2573 1178 2600 und
1201 2572 1247 2606 14,
1271 2573 1412 2609 ausfdlliq
1434 2574 1502 2601 holte
1523 2574 1650 2610 anqaben
1677 2574 1833 2610 qeyem'tber
1860 2574 1910 2600 der
1938 2573 2100 2609 dan-aligera

469 2623 684 2651 einwohnerzahl
705 2625 823 2651 anderer
844 2625 951 2658 stddte;
972 2625 1027 2660 vql.
1044 2625 1134 2660 Heqel
1154 2624 1184 2651 in
1199 2625 1393 2653 Setideechron.
1411 2625 1527 2658 XVIII,
1553 2625 1611 2652 188
1621 2625 1656 2659 ff.
1743 2625 1774 2660 2)
1794 2625 1885 2659 Jutaea,
1908 2625 2013 2652 {ochter-
2027 2625 2098 2653 Ger-
2119 2633 2148 2654 ω

469 2674 565 2706 haras,
588 2675 636 2701 des
657 2676 751 2701 leezten
772 2675 874 2709 yrafen
896 2685 950 2702 von
967 2676 1053 2709 Diez,
1076 2676 1215 2711 ιᾳεηιαΙιΖίη
1236 2677 1284 2703 des
1305 2676 1407 2711 qrafen
1424 2676 1517 2710 Adolf
1526 2686 1580 2704 von
1595 2677 1721 2711 Nmmu,
1743 2677 1821 2704 narb
1846 2677 1938 2711 1897,
1960 2685 2028 2712 any.
2046 2675 2100 2712 14,-

471 2725 600 2760 Mechtel,
627 2727 725 2760 Lymp.
753 2726 845 2753 chron.
876 2727 902 2755 b.
930 2727 1078 2754 Hontheim
1107 2737 1130 2755 s.
1156 2726 1246 2754 1074.
1332 2727 1362 2763 3)
1393 2727 1443 2754 Um
1471 2729 1517 2755 die
1542 2729 1633 2755 meite
1657 2729 1756 2756 etunde
1784 2728 1846 2763 (mit
1867 2731 2027 2764 erqdmnq
2046 2737 2102 2757 vem

471 2776 636 2812 tempore)?
742 2776 772 2812 4)
793 2768 892 2803 Annov
906 2777 999 2812 1401,
1026 2778 1056 2805 in
1079 2778 1126 2805 die
1156 2787 1178 2807 s.
1203 2778 1354 2806 Michaelis
1377 2778 1450 2806 obiit
1471 2779 1579 2806 nobilis
1602 2779 1756 2807 domicella
1778 2779 1865 2807 Clara
1887 2779 1923 2807 de
1945 2779 2101 2816 Limpurg;

471 2827 605 2861 Helwich,
622 2828 776 2863 Syntayma
789 2838 907 2856 monum.
931 2833 955 2856 et
978 2830 1110 2866 epitaph„
1133 2831 1173 2857 hs.
1188 2830 1224 2856 im
1239 2830 1407 2859 nantem-ch.
1429 2840 1462 2858 zu
1477 2831 1654 2865 Darmstadt,
1672 2831 1727 2866 fol.
1745 2831 1815 2860 227.
1881 2832 1912 2868 5)
1940 2832 2000 2867 Vyl.
2015 2832 2102 2860 Gesta

474 2879 585 2907 Trever.
608 2879 653 2915 7¹9·
677 2889 702 2910 v.
731 2880 904 2915 Wyttenbaoh
926 2890 955 2908 u.
977 2881 1082 2908 Muller
1103 2882 1144 2915 II,
1168 2881 1247 2915 297,·
1268 2881 1483 2918 Marburyisclze
1504 2882 1629 2919 beitra'ye
1648 2893 1671 2911 z.
1693 2883 1874 2920 yelehnamk.
1896 2883 1922 2922 I,
1946 2883 1995 2913 84.
2119 2890 2148 2918 σο
